Timestamp,Price,Volume,Sell_Buy
2024-01-01 03:47:19+00:00,78.33,1037,sell
2024-01-01 17:33:34+01:00,34.14,,Sell
2024-01-01 15:48:47+00:00,24.52,1805,BUY
2024-01-01 15:26:36+00:00,95.42,1319,buy
2024-01-01 07:15:19+00:00,65.96,1612,BUY
2024-01-01 23:54:10+00:00,26.28,1313,SELL
2024-01-01 16:17:29+00:00,63.61,1551,buy
2024-01-01 01:19:15+00:00,77.58,1254,SELL
2024-01-01 02:01:02+01:00,28.35,1331,Sell
2024-01-01 03:15:52+00:00,80.39,1275,Buy
2024-01-01 15:15:24+00:00,39.64,1935,BUY
2024-01-01 23:44:50+00:00,32.33,,SELL
2024-01-01 12:46:00+01:00,28.85,1385,Buy
2024-01-01 16:50:49+00:00,29.12,1777,BUY
2024-01-01 11:28:46+00:00,NaN,1921,Sell
2024-01-01 08:17:23+00:00,73.87,1804,SELL
2024-01-01 23:03:50+00:00,64.89,1867,SELL
2024-01-01 00:58:50+00:00,92.32,1188,BUY
2024-01-01 12:05:57+00:00,57.69,820,Sell
2024-01-01 00:25:10+01:00,66.5,1614,buy
2024-01-01 21:36:19+00:00,93.81,434,BUY
2024-01-01 09:32:55+00:00,65.9,1063,sell
2024-01-01 23:12:46+00:00,24.87,659,BUY
2024-01-01 14:02:18+00:00,20.76,1472,sell
2024-01-01 17:18:14+00:00,59.34,1681,Buy
2024-01-01 01:11:08+01:00,50.65,154,SELL
2024-01-01 12:59:39+00:00,31.23,703,SELL
2024-01-01 04:16:11+00:00,68.81,1302,BUY
2024-01-01 01:44:53+00:00,70.36,1486,sell
2024-01-01 02:30:27+00:00,46.6,264,SELL
2024-01-01 21:12:36+00:00,94.47,NaN,buy
2024-01-01 00:32:00+01:00,68.06,1310,SELL
2024-01-01 15:47:38+00:00,NaN,256,SELL
2024-01-01 17:58:32+00:00,39.1,484,SELL
2024-01-01 15:04:23+00:00,47.58,555,BUY
2024-01-01 19:39:48+00:00,46.29,61,Buy
2024-01-01 05:34:26+00:00,52.43,381,Buy
2024-01-01 01:54:10+00:00,96.89,1662,buy
2024-01-01 17:42:45+00:00,56.12,512,SELL
2024-01-01 17:17:18+00:00,94.45,869,SELL
2024-01-01 15:12:18+01:00,25.0,104,buy
2024-01-01 04:51:11+00:00,48.65,1914,SELL
2024-01-01 07:38:50+01:00,82.4,226,BUY
2024-01-01 13:54:43+01:00,41.15,518,SELL
2024-01-01 11:57:32+00:00,79.51,919,BUY
2024-01-01 00:16:22+00:00,80.43,1872,SELL
2024-01-01 03:07:27+00:00,64.02,436,Sell
2024-01-01 09:46:21+00:00,81.6,18186,Buy
2024-01-01 13:34:24+00:00,57.58,NaN,Sell
2024-01-01 01:07:43+00:00,84.94,,BUY
2024-01-01 12:13:46+00:00,90.0,1565,SELL
2024-01-01 00:43:40+00:00,59.93,58,Sell
2024-01-01 20:53:36+00:00,43.47,436,Buy
2024-01-01 08:11:30+01:00,51.12,1592,Sell
2024-01-01 09:04:12+00:00,33.22,1434,sell
2024-01-01 08:26:00+01:00,69.91,1994,Sell
2024-01-01 10:19:59+00:00,61.5,812,Sell
2024-01-01 03:29:22+00:00,41.18,217,Buy
2024-01-01 15:14:47+01:00,20.48,269,BUY
2024-01-01 13:56:04+01:00,26.74,283,buy
2024-01-01 19:37:57+00:00,69.7,443,buy
2024-01-01 19:46:38+00:00,86.72,NaN,Sell
2024-01-01 23:02:26+00:00,47.25,1068,SELL
2024-01-01 01:17:05+00:00,69.79,1730,BUY
2024-01-01 17:19:23+00:00,67.94,1723,sell
2024-01-01 23:43:37+00:00,96.93,616,buy
2024-01-01 14:34:43+00:00,29.64,1500,SELL
2024-01-01 20:49:18+00:00,54.43,1343,sell
2024-01-01 01:49:45+00:00,58.41,799,sell
2024-01-01 18:38:53+01:00,68.33,1608,buy
2024-01-01 12:51:42+00:00,76.19,1936,sell
2024-01-01 09:05:26+00:00,81.21,1916,buy
2024-01-01 16:42:30+00:00,70.87,679,BUY
2024-01-01 10:04:00+00:00,51.83,1440,buy
2024-01-01 21:06:33+00:00,85.71,1377,buy
2024-01-01 19:19:39+01:00,77.27,1022,buy
2024-01-01 18:47:57+00:00,27.43,1671,Buy
2024-01-01 06:31:46+00:00,46.32,1922,buy
2024-01-01 19:25:37+00:00,28.23,1998,buy
2024-01-01 15:00:43+00:00,20.87,190,BUY
2024-01-01 19:40:46+00:00,37.26,1429,SELL
2024-01-01 02:36:51+00:00,35.76,1755,SELL
2024-01-01 10:13:28+00:00,30.02,1860,sell
2024-01-01 01:02:42+00:00,24.1,1595,SELL
2024-01-01 13:44:16+00:00,67.24,367,Buy
2024-01-01 18:12:53+00:00,49.58,1570,BUY
2024-01-01 00:43:26+00:00,62.29,783,Sell
2024-01-01 20:08:15+01:00,96.23,655,sell
2024-01-01 04:15:07+01:00,67.93,33442,buy
2024-01-01 19:01:24+00:00,80.96,1450,SELL
2024-01-01 09:49:49+01:00,40.02,641,Sell
2024-01-01 22:16:12+00:00,28.98,550,BUY
2024-01-01 02:27:01+00:00,47.14,563,BUY
2024-01-01 15:50:37+01:00,34.45,1586,Buy
2024-01-01 17:17:04+00:00,4415.04,1869,Buy
2024-01-01 21:08:29+00:00,82.27,1864,Sell
2024-01-01 10:41:47+00:00,NaN,135,sell
2024-01-01 02:01:54+00:00,49.26,1924,Buy
2024-01-01 22:23:52+00:00,87.48,612,Sell
2024-01-01 16:08:01+00:00,24.72,1355,BUY
2024-01-01 18:15:43+01:00,42.96,1552,Sell
2024-01-01 19:16:27+00:00,91.88,71,buy
2024-01-01 09:41:40+00:00,27.7,1476,Sell
2024-01-01 16:24:58+01:00,46.0,843,Sell
2024-01-01 04:32:59+00:00,25.32,1295,sell
2024-01-01 11:25:26+00:00,27.16,1650,sell
2024-01-01 00:03:08+01:00,55.96,882,sell
2024-01-01 16:29:11+00:00,90.64,1083,buy
2024-01-01 11:33:19+00:00,53.6,734,Buy
2024-01-01 23:02:58+00:00,35.39,461,Buy
2024-01-01 17:06:39+00:00,43.61,98,BUY
2024-01-01 00:23:37+00:00,50.54,65,BUY
2024-01-01 01:20:42+01:00,28.87,1621,Buy
2024-01-01 10:56:22+01:00,22.14,629,sell
2024-01-01 01:25:47+00:00,30.87,333,Buy
2024-01-01 15:17:34+00:00,53.07,1565,BUY
2024-01-01 16:17:58+00:00,97.55,306,buy
2024-01-01 16:57:39+01:00,94.17,804,Buy
2024-01-01 16:27:02+00:00,87.58,1753,SELL
2024-01-01 18:33:12+01:00,50.62,330,sell
2024-01-01 13:37:59+00:00,67.48,825,buy
2024-01-01 13:08:33+00:00,55.42,1528,Sell
2024-01-01 09:57:52+00:00,51.36,53,Sell
2024-01-01 16:52:54+00:00,22.28,1307,SELL
2024-01-01 01:02:45+00:00,56.03,1423,Buy
2024-01-01 22:54:13+00:00,80.12,1949,sell
2024-01-01 17:38:08+00:00,51.79,1075,BUY
2024-01-01 12:36:23+01:00,81.74,1058,sell
2024-01-01 18:01:32+00:00,36.82,411,Buy
2024-01-01 14:55:49+00:00,78.35,562,buy
2024-01-01 21:08:46+00:00,48.28,1364,Buy
2024-01-01 17:01:02+00:00,30.42,1181,Buy
2024-01-01 18:12:17+01:00,NaN,453,Sell
2024-01-01 14:22:56+00:00,46.04,1218,sell
2024-01-01 18:40:37+01:00,32.08,249,Buy
2024-01-01 14:38:12+00:00,47.04,1593,Buy
2024-01-01 21:24:08+01:00,88.88,1707,Sell
2024-01-01 11:06:52+01:00,25.87,1354,BUY
2024-01-01 17:28:54+00:00,28.24,823,Sell
2024-01-01 19:26:31+00:00,96.94,619,Sell
2024-01-01 19:04:55+00:00,34.77,619,BUY
2024-01-01 07:32:45+00:00,83.7,1637,buy
2024-01-01 16:07:50+00:00,44.24,672,buy
2024-01-01 14:04:09+00:00,95.18,1356,Buy
2024-01-01 13:07:19+00:00,61.23,758,buy
2024-01-01 00:52:18+00:00,76.23,256,buy
2024-01-01 05:06:14+00:00,80.52,160,Buy
2024-01-01 23:28:27+00:00,82.17,703,sell
2024-01-01 12:27:40+01:00,65.86,263,Sell
2024-01-01 03:31:12+01:00,63.45,465,SELL
2024-01-01 23:45:50+00:00,70.46,1541,SELL
2024-01-01 16:10:43+01:00,78.28,,Buy
2024-01-01 02:49:56+01:00,81.46,1992,BUY
2024-01-01 13:32:56+00:00,62.33,1094,buy
2024-01-01 15:17:50+00:00,98.62,978,buy
2024-01-01 17:18:12+00:00,91.3,383,SELL
2024-01-01 02:25:17+00:00,22.73,716,BUY
2024-01-01 07:24:02+00:00,37.67,77,BUY
2024-01-01 16:18:21+00:00,40.89,803,buy
2024-01-01 13:50:15+00:00,92.84,1889,Sell
2024-01-01 08:47:23+00:00,96.04,1163,buy
2024-01-01 01:22:48+00:00,73.06,1477,Buy
2024-01-01 06:39:16+01:00,45.47,1546,BUY
2024-01-01 00:27:19+00:00,54.17,1075,SELL
2024-01-01 01:01:12+00:00,50.33,754,buy
2024-01-01 01:40:29+00:00,76.12,418,buy
2024-01-01 13:23:37+00:00,42.91,1757,buy
2024-01-01 04:54:30+01:00,80.1,1419,BUY
2024-01-01 18:48:44+00:00,39.83,223,BUY
2024-01-01 22:30:42+00:00,99.75,153,Buy
2024-01-01 20:22:20+00:00,60.27,1487,buy
2024-01-01 22:22:59+01:00,91.19,1317,SELL
2024-01-01 06:39:39+01:00,24.0,1936,sell
2024-01-01 05:54:55+00:00,51.05,1516,Buy
2024-01-01 08:17:47+00:00,25.18,1674,SELL
2024-01-01 13:38:25+01:00,33.1,1950,Sell
2024-01-01 18:24:14+01:00,75.58,1049,sell
2024-01-01 15:28:04+00:00,55.99,1602,Buy
2024-01-01 22:06:03+00:00,41.96,425,SELL
2024-01-01 06:39:42+00:00,56.35,1347,SELL
2024-01-01 11:11:06+00:00,66.21,472,Buy
2024-01-01 07:55:31+00:00,51.01,1571,BUY
2024-01-01 20:00:21+00:00,22.07,1439,buy
2024-01-01 15:49:21+00:00,53.27,637,BUY
2024-01-01 07:40:16+00:00,82.39,756,SELL
2024-01-01 09:51:43+00:00,56.41,137,Sell
2024-01-01 02:57:51+00:00,75.96,797,BUY
2024-01-01 08:44:18+00:00,39.08,1366,Buy
2024-01-01 23:41:36+00:00,36.58,721,Sell
2024-01-01 22:57:34+00:00,3079.55,1061,BUY
2024-01-01 07:17:27+00:00,58.77,832,Buy
2024-01-01 21:44:26+01:00,54.05,578,BUY
2024-01-01 02:19:47+00:00,,852,Sell
2024-01-01 09:25:24+00:00,29.61,1816,SELL
2024-01-01 08:38:11+00:00,72,1114,BUY
2024-01-01 00:40:11+00:00,88.57,1238,buy
2024-01-01 02:12:40+00:00,63.34,1358,BUY
2024-01-01 11:21:14+00:00,48.55,985,Sell
2024-01-01 12:27:36+00:00,NaN,716,buy
2024-01-01 03:56:12+00:00,99.26,18391,BUY
2024-01-01 23:46:54+00:00,38.13,1216,SELL
2024-01-01 19:14:34+00:00,81.77,309,Sell
2024-01-01 18:46:00+01:00,38.32,1705,Sell
2024-01-01 11:37:40+00:00,74.55,583,BUY
2024-01-01 06:45:19+00:00,41.36,967,buy
2024-01-01 04:04:42+00:00,52.46,1188,Sell
2024-01-01 10:06:02+00:00,63.58,1924,SELL
2024-01-01 13:24:58+00:00,90.95,106,Buy
2024-01-01 13:44:52+00:00,35.71,1759,Buy
2024-01-01 00:36:26+01:00,79.99,1266,sell
2024-01-01 22:07:40+00:00,74.16,108,sell
2024-01-01 09:08:38+01:00,86.86,1252,buy
2024-01-01 02:19:26+01:00,81.38,1944,Sell
2024-01-01 10:47:07+01:00,26.86,1994,buy
2024-01-01 10:02:58+00:00,95.48,1190,Sell
2024-01-01 11:52:53+00:00,42.25,1124,buy
2024-01-01 02:41:37+00:00,22.66,1145,sell
2024-01-01 20:21:34+00:00,95,357,SELL
2024-01-01 14:54:28+00:00,41.92,1248,Sell
2024-01-01 02:23:25+00:00,75.24,802,BUY
2024-01-01 20:45:54+00:00,40.49,516,Sell
2024-01-01 04:46:00+00:00,80.68,140,buy
2024-01-01 18:10:30+01:00,55.28,192,SELL
2024-01-01 16:49:50+01:00,76.2,1716,BUY
2024-01-01 13:00:52+00:00,23.23,,Buy
2024-01-01 08:25:43+00:00,35.57,246,Sell
2024-01-01 16:16:23+00:00,94.21,449,Buy
2024-01-01 22:46:42+00:00,29.98,1018,SELL
2024-01-01 23:00:42+00:00,48.38,1930,SELL
2024-01-01 20:30:00+00:00,56.36,1400,buy
2024-01-01 15:24:26+00:00,61.79,1883,BUY
2024-01-01 11:45:35+01:00,67.12,1563,Buy
2024-01-01 04:38:32+00:00,56.64,1281,BUY
2024-01-01 18:14:45+00:00,24.66,1769,SELL
2024-01-01 20:11:57+00:00,43.58,1538,sell
2024-01-01 15:07:00+00:00,42.45,350,Sell
2024-01-01 06:11:06+00:00,36.43,1200,SELL
2024-01-01 10:07:45+00:00,46.89,765,Sell
2024-01-01 08:44:40+00:00,57.8,1547,buy
2024-01-01 21:11:28+00:00,20.44,1201,BUY
2024-01-01 00:05:40+00:00,,566,sell
2024-01-01 05:48:53+00:00,21.89,810,buy
2024-01-01 18:00:58+01:00,29.34,,Buy
2024-01-01 05:19:56+00:00,91.16,927,Sell
2024-01-01 05:21:56+01:00,40.6,697,SELL
2024-01-01 10:56:15+00:00,39.66,643,BUY
2024-01-01 07:30:24+00:00,54.48,1513,Sell
2024-01-01 19:18:46+00:00,75.38,928,Sell
2024-01-01 22:13:47+01:00,37.68,1883,Sell
2024-01-01 18:40:27+00:00,56.87,1760,Buy
2024-01-01 12:49:51+00:00,54.98,,sell
2024-01-01 07:48:49+00:00,60.35,1167,sell
2024-01-01 06:35:06+00:00,93.75,1364,buy
2024-01-01 03:28:08+00:00,84.04,1445,buy
2024-01-01 15:13:58+00:00,74.05,1547,BUY
2024-01-01 22:21:38+00:00,45.58,1965,buy
2024-01-01 21:04:58+00:00,61.31,1814,buy
2024-01-01 06:48:36+00:00,37.27,632,BUY
2024-01-01 07:23:23+01:00,26.75,619,SELL
2024-01-01 16:54:02+01:00,59.39,931,buy
2024-01-01 10:11:01+00:00,76.8,646,sell
2024-01-01 22:36:26+00:00,82.47,941,SELL
2024-01-01 05:24:49+00:00,71.44,151,sell
2024-01-01 18:26:39+00:00,79.45,1355,sell
2024-01-01 22:31:31+00:00,29.33,1037,Sell
2024-01-01 09:19:55+01:00,85.67,564,buy
2024-01-01 13:16:16+00:00,68.48,450,buy
2024-01-01 14:11:07+00:00,71.18,1692,Buy
2024-01-01 07:44:58+00:00,98.09,793,BUY
2024-01-01 08:43:46+00:00,76.27,213,Sell
2024-01-01 22:51:34+00:00,62.2,1691,sell
2024-01-01 14:16:07+00:00,60.18,1697,buy
2024-01-01 17:00:19+00:00,67.52,856,buy
2024-01-01 00:10:55+00:00,58.81,NaN,SELL
2024-01-01 02:33:58+01:00,31.37,1218,Buy
2024-01-01 17:51:34+00:00,49.27,1629,Sell
2024-01-01 00:21:59+01:00,50.29,1934,sell
2024-01-01 03:32:12+00:00,NaN,826,Sell
2024-01-01 19:54:47+00:00,57.47,656,buy
2024-01-01 13:57:37+00:00,29.71,862,buy
2024-01-01 22:27:07+00:00,60.44,1563,BUY
2024-01-01 19:19:09+01:00,81.92,1285,Sell
2024-01-01 21:18:28+01:00,29.7,207,BUY
2024-01-01 18:45:39+00:00,1500.79,257,sell
2024-01-01 10:36:12+00:00,91.0,1595,sell
2024-01-01 02:59:23+00:00,49.44,518,sell
2024-01-01 16:50:15+01:00,93.64,378,Sell
2024-01-01 21:30:14+00:00,41.19,931,buy
2024-01-01 13:32:52+00:00,45.16,1797,BUY
2024-01-01 00:03:48+01:00,91,504,buy
2024-01-01 05:54:31+00:00,69.73,1823,sell
2024-01-01 14:06:24+00:00,43.5,1960,sell
2024-01-01 04:32:15+00:00,70.38,1346,buy
2024-01-01 11:18:22+00:00,43.71,342,Buy
2024-01-01 13:01:23+01:00,,1878,SELL
2024-01-01 07:30:30+00:00,76.23,1414,Buy
2024-01-01 00:03:52+01:00,23.57,979,buy
2024-01-01 05:49:49+01:00,77.64,82,BUY
2024-01-01 07:12:27+00:00,60.48,495,SELL
2024-01-01 21:52:22+00:00,51.66,1719,sell
2024-01-01 13:32:00+00:00,71.63,376,BUY
2024-01-01 08:49:24+00:00,88.1,513,Sell
2024-01-01 23:09:16+00:00,60.05,872,sell
2024-01-01 03:01:27+00:00,46.06,549,Buy
2024-01-01 19:17:33+00:00,79.4,17232,buy
2024-01-01 05:12:25+00:00,36.68,1066,Sell
2024-01-01 06:17:40+00:00,95.87,1091,SELL
2024-01-01 11:43:03+00:00,83.31,1895,buy
2024-01-01 07:13:28+00:00,44.33,1898,sell
2024-01-01 03:39:26+00:00,63.19,133,sell
2024-01-01 13:17:55+00:00,33.48,416,BUY
2024-01-01 11:33:49+00:00,64.37,1586,BUY
2024-01-01 16:06:07+00:00,31.11,1714,buy
2024-01-01 07:24:09+00:00,57.47,229,buy
2024-01-01 14:34:57+00:00,59.57,1407,Sell
2024-01-01 02:16:48+00:00,34.43,618,buy
2024-01-01 21:29:40+00:00,83.59,1371,BUY
2024-01-01 19:04:05+00:00,46.0,1489,Buy
2024-01-01 08:33:23+00:00,74.64,1025,Sell
2024-01-01 21:43:55+00:00,69.01,1850,BUY
2024-01-01 16:48:54+00:00,43.78,1207,SELL
2024-01-01 06:37:12+00:00,74.86,130,Sell
2024-01-01 17:04:12+00:00,68.86,868,Buy
2024-01-01 01:40:49+01:00,68.87,1949,buy
2024-01-01 06:44:54+00:00,77.47,194,buy
2024-01-01 20:38:45+00:00,38,1107,sell
2024-01-01 14:21:29+00:00,45.5,1169,BUY
2024-01-01 15:49:52+00:00,73.9,600,buy
2024-01-01 14:58:40+00:00,36.12,701,buy
2024-01-01 09:08:11+01:00,83.17,1697,Buy
2024-01-01 16:35:36+01:00,71.98,615,Sell
2024-01-01 01:21:46+00:00,71.82,1745,sell
2024-01-01 05:08:32+00:00,47.11,1024,Buy
2024-01-01 10:03:24+01:00,4030.98,1884,BUY
2024-01-01 09:04:27+00:00,22.5,229,SELL
2024-01-01 06:24:40+00:00,96.64,1134,buy
2024-01-01 11:42:09+01:00,44.97,186,Sell
2024-01-01 20:44:01+01:00,43.38,1242,BUY
2024-01-01 19:36:37+00:00,56.14,1899,buy
2024-01-01 20:27:13+00:00,82.14,121,Buy
2024-01-01 16:55:05+00:00,3748.38,596,BUY
2024-01-01 08:36:21+00:00,58.23,426,BUY
2024-01-01 05:58:11+00:00,42.36,446,BUY
2024-01-01 04:22:31+00:00,NaN,1831,buy
2024-01-01 19:16:42+00:00,83.93,1715,Buy
2024-01-01 20:53:30+00:00,30.98,1087,Buy
2024-01-01 17:39:03+00:00,24.35,1399,Sell
2024-01-01 23:58:45+00:00,70.73,729,SELL
2024-01-01 21:55:32+00:00,,319,SELL
2024-01-01 01:58:41+01:00,77.69,1512,sell
2024-01-01 05:59:55+00:00,79.22,1051,BUY
2024-01-01 02:43:08+00:00,57.43,1093,Buy
2024-01-01 03:56:12+01:00,47.58,1688,Sell
2024-01-01 01:48:29+00:00,31.88,1022,Sell
2024-01-01 18:37:59+01:00,76.74,1057,buy
2024-01-01 12:03:59+00:00,81.54,1922,Buy
2024-01-01 10:30:16+01:00,99.36,1354,SELL
2024-01-01 13:09:58+01:00,70.35,1537,Buy
2024-01-01 14:34:41+00:00,94.69,1015,sell
2024-01-01 22:28:31+01:00,73.52,1524,sell
2024-01-01 15:01:16+00:00,39.8,106,Buy
2024-01-01 15:48:34+00:00,44.52,818,BUY
2024-01-01 10:56:57+00:00,76.13,909,SELL
2024-01-01 17:17:27+00:00,97.17,1024,SELL
2024-01-01 22:13:37+01:00,97.74,1447,sell
2024-01-01 07:13:30+01:00,37.15,567,Buy
2024-01-01 00:32:47+01:00,77.43,225,buy
2024-01-01 09:59:57+00:00,27.5,245,Sell
2024-01-01 16:02:17+00:00,69.01,364,sell
2024-01-01 14:04:35+00:00,27.51,1520,SELL
2024-01-01 16:28:49+00:00,57.23,587,Buy
2024-01-01 17:06:18+00:00,91.53,732,Sell
2024-01-01 19:26:24+00:00,41.69,969,Buy
2024-01-01 23:42:37+00:00,39.13,1514,buy
2024-01-01 09:53:25+00:00,59.15,1147,Sell
2024-01-01 07:40:20+01:00,56.61,1354,sell
2024-01-01 22:41:35+01:00,92.4,1414,SELL
2024-01-01 21:45:05+00:00,92.0,282,Buy
2024-01-01 20:11:09+00:00,49.3,153,sell
2024-01-01 14:49:30+00:00,93.94,728,SELL
2024-01-01 13:26:37+00:00,69.39,848,sell
2024-01-01 01:02:45+00:00,67.08,1454,sell
2024-01-01 03:06:42+00:00,37.68,1026,sell
2024-01-01 18:44:00+01:00,64.53,1764,Buy
2024-01-01 18:45:12+00:00,57.44,1065,Buy
2024-01-01 14:02:03+00:00,59.42,76,Buy
2024-01-01 07:22:36+00:00,84.26,1652,sell
2024-01-01 08:28:23+00:00,95.02,964,Buy
2024-01-01 16:42:37+00:00,69.55,448,sell
2024-01-01 04:43:44+00:00,65.13,1797,SELL
2024-01-01 11:27:08+00:00,26.69,1125,Buy
2024-01-01 10:33:24+00:00,29.51,1500,Buy
2024-01-01 23:10:51+00:00,36.54,1493,SELL
2024-01-01 23:54:23+01:00,96.98,205,sell
2024-01-01 15:23:16+00:00,55.22,1875,Buy
2024-01-01 20:22:33+00:00,99.47,902,Sell
2024-01-01 18:45:30+01:00,65.8,1788,BUY
2024-01-01 12:59:34+01:00,37.39,929,Sell
2024-01-01 18:53:07+01:00,21.99,1116,SELL
2024-01-01 21:39:36+00:00,64.04,1690,buy
2024-01-01 21:31:17+00:00,41.1,607,Buy
2024-01-01 03:45:06+00:00,39.42,1799,sell
2024-01-01 19:15:42+00:00,73.23,406,Sell
2024-01-01 22:57:22+00:00,98.87,112,buy
2024-01-01 19:32:53+00:00,58.92,1047,Buy
2024-01-01 20:43:51+00:00,68.86,1981,SELL
2024-01-01 01:45:25+00:00,57.02,537,BUY
2024-01-01 15:47:11+00:00,39.58,1020,BUY
2024-01-01 01:58:33+00:00,70.7,1002,SELL
2024-01-01 02:42:52+00:00,34.31,395,SELL
2024-01-01 03:37:58+00:00,42.53,225,Buy
2024-01-01 12:10:21+00:00,25.67,1616,sell
2024-01-01 06:03:11+00:00,60.16,1746,BUY
2024-01-01 00:18:15+00:00,78.9,27761,Buy
2024-01-01 05:13:03+01:00,87.95,1239,sell
2024-01-01 01:48:11+00:00,38.26,739,BUY
2024-01-01 16:44:46+00:00,72.84,1320,sell
2024-01-01 12:06:18+00:00,37.5,670,buy
2024-01-01 10:53:49+01:00,39.99,1267,BUY
2024-01-01 22:29:09+01:00,36.78,1763,SELL
2024-01-01 03:27:41+00:00,24.95,1513,Buy
2024-01-01 06:33:41+01:00,89.41,1482,Buy
2024-01-01 15:38:46+00:00,93.0,1500,BUY
2024-01-01 06:33:39+00:00,76.92,1540,BUY
2024-01-01 19:44:28+01:00,50.81,1360,buy
2024-01-01 08:03:18+00:00,69.9,1098,SELL
2024-01-01 22:34:07+00:00,87.58,813,Sell
2024-01-01 03:40:56+00:00,20.22,1297,Sell
2024-01-01 13:18:54+01:00,83.63,1805,BUY
2024-01-01 14:22:43+01:00,84.54,1188,Buy
2024-01-01 20:02:38+01:00,72.81,1148,Buy
2024-01-01 07:23:52+00:00,53.66,1008,Sell
2024-01-01 15:53:13+00:00,33.02,1434,sell
2024-01-01 14:25:51+00:00,38.14,422,buy
2024-01-01 01:26:15+00:00,60.11,1524,Sell
2024-01-01 21:14:56+00:00,74.23,1428,Sell
2024-01-01 23:34:03+00:00,96.47,101,SELL
2024-01-01 04:48:57+00:00,23.01,414,Sell
2024-01-01 14:04:46+00:00,68.82,124,BUY
2024-01-01 06:31:48+00:00,74.62,1103,Buy
2024-01-01 21:31:11+00:00,64.6,1838,BUY
2024-01-01 20:27:33+00:00,84.93,1611,SELL
2024-01-01 03:26:21+00:00,88.58,1926,BUY
2024-01-01 07:22:17+00:00,68.22,503,Sell
2024-01-01 09:47:43+00:00,62.28,1718,BUY
2024-01-01 11:20:04+00:00,86.79,975,SELL
2024-01-01 10:41:03+00:00,85.47,271,BUY
2024-01-01 03:20:29+00:00,85.8,,BUY
2024-01-01 20:44:50+00:00,45.32,171,buy
2024-01-01 19:48:29+00:00,63.69,1797,buy
2024-01-01 04:37:57+01:00,68.73,773,sell
2024-01-01 00:16:02+00:00,85.87,891,BUY
2024-01-01 14:57:54+00:00,NaN,698,BUY
2024-01-01 10:51:04+00:00,39.06,1940,Buy
2024-01-01 04:08:55+00:00,69.87,1657,buy
2024-01-01 18:28:45+00:00,23.82,137,BUY
2024-01-01 10:07:01+00:00,84.61,127,SELL
2024-01-01 01:14:06+00:00,87.0,1405,Buy
2024-01-01 23:04:25+00:00,49.1,1563,sell
2024-01-01 22:58:11+00:00,60.57,389,Sell
2024-01-01 17:01:34+00:00,86.3,348,Buy
2024-01-01 09:31:38+00:00,35.6,558,Sell
2024-01-01 02:28:42+00:00,64.48,193,SELL
2024-01-01 04:22:43+00:00,56.89,146,BUY
2024-01-01 08:30:49+00:00,52.93,1937,buy
2024-01-01 16:06:29+00:00,21.7,1867,Buy
2024-01-01 07:59:17+00:00,40.67,204,buy
2024-01-01 03:42:58+00:00,95.15,35972,Sell
2024-01-01 12:58:25+01:00,40.14,1069,Sell
2024-01-01 01:49:55+01:00,73.25,36338,BUY
2024-01-01 21:53:44+00:00,49.67,1668,buy
2024-01-01 19:46:53+00:00,94.85,1613,Buy
2024-01-01 06:38:49+00:00,78.69,1389,Sell
2024-01-01 18:13:38+00:00,90.01,572,SELL
2024-01-01 03:38:44+00:00,72.0,1011,Sell
2024-01-01 17:24:42+01:00,69.47,481,buy
2024-01-01 22:00:50+00:00,48.99,355,SELL
2024-01-01 22:20:57+00:00,84.5,219,SELL
2024-01-01 16:40:26+00:00,70.07,432,sell
2024-01-01 09:37:07+00:00,20.95,1365,BUY
2024-01-01 15:29:08+01:00,58.97,1562,buy
2024-01-01 06:19:01+00:00,46.82,957,Buy
2024-01-01 17:43:44+00:00,68.92,1843,Buy
2024-01-01 00:46:03+00:00,63.08,1278,Buy
2024-01-01 14:07:24+01:00,92.48,1751,SELL
2024-01-01 14:57:49+00:00,35.56,518,Buy
2024-01-01 21:15:32+00:00,42.59,387,sell
2024-01-01 07:05:22+00:00,84.29,987,Sell
2024-01-01 06:04:55+00:00,43.1,1150,Buy
2024-01-01 19:51:00+00:00,61.13,1293,BUY
2024-01-01 23:17:27+00:00,33.63,371,Buy
2024-01-01 01:46:33+00:00,83.72,442,buy
2024-01-01 22:36:05+01:00,54.5,1121,sell
2024-01-01 20:30:04+00:00,63.66,1506,Buy
2024-01-01 14:16:24+00:00,60.42,1929,Sell
2024-01-01 11:33:14+00:00,69.01,894,buy
2024-01-01 20:47:49+00:00,49.98,1750,BUY
2024-01-01 09:48:43+00:00,89.61,388,SELL
2024-01-01 06:38:41+01:00,41.53,1873,buy
2024-01-01 21:06:27+00:00,26.69,494,Sell
2024-01-01 16:28:07+00:00,99.58,730,SELL
2024-01-01 05:26:38+00:00,44.56,988,Sell
2024-01-01 00:02:22+01:00,27.25,1125,SELL
2024-01-01 08:48:54+01:00,98.69,786,buy
2024-01-01 17:55:31+00:00,21.97,183,Sell
2024-01-01 14:18:29+00:00,80.17,741,Buy
2024-01-01 16:24:37+00:00,78.99,1498,sell
2024-01-01 05:21:54+01:00,99.79,441,Sell
2024-01-01 01:41:33+00:00,33.22,742,BUY
2024-01-01 13:47:38+00:00,84.08,1841,Buy
2024-01-01 03:54:29+00:00,45.43,369,buy
2024-01-01 13:32:15+00:00,27.51,87,Buy
2024-01-01 05:13:13+00:00,24.09,759,SELL
2024-01-01 03:40:58+01:00,50.02,,Sell
2024-01-01 06:14:34+01:00,47.51,1114,Buy
2024-01-01 09:17:58+00:00,65.49,310,BUY
2024-01-01 20:05:04+01:00,41.97,637,buy
2024-01-01 03:26:19+00:00,77.27,702,Sell
2024-01-01 19:18:29+00:00,,885,buy
2024-01-01 15:13:33+00:00,25.39,1253,Buy
2024-01-01 08:27:30+00:00,39.22,496,sell
2024-01-01 18:53:23+01:00,97.33,1692,Buy
2024-01-01 18:37:13+00:00,23.54,1920,BUY
2024-01-01 18:25:22+00:00,88,380,buy
2024-01-01 00:13:56+00:00,76.83,100,sell
2024-01-01 06:01:20+00:00,91.95,917,Sell
2024-01-01 02:32:10+00:00,22.69,1793,Buy
2024-01-01 17:04:58+01:00,85.85,165,buy
2024-01-01 00:48:43+00:00,79.66,1301,sell
2024-01-01 11:08:06+00:00,94.18,1317,Buy
2024-01-01 00:32:50+00:00,65.56,194,sell
2024-01-01 19:11:38+00:00,91.54,337,sell
2024-01-01 09:00:57+00:00,72.44,1397,SELL
2024-01-01 17:11:10+00:00,97.13,358,BUY
2024-01-01 20:10:07+00:00,89.47,950,sell
2024-01-01 02:24:17+01:00,77.71,1850,sell
2024-01-01 14:58:04+00:00,38.22,300,sell
2024-01-01 23:27:26+00:00,55.15,586,buy
2024-01-01 09:54:31+00:00,44.12,273,buy
2024-01-01 21:00:13+01:00,63.5,682,sell
2024-01-01 10:43:20+00:00,95.32,1310,buy
2024-01-01 00:52:34+00:00,75.68,1873,Sell
2024-01-01 11:18:55+00:00,61.82,1749,Sell
2024-01-01 09:33:05+01:00,56.52,993,Sell
2024-01-01 00:10:11+00:00,74.24,74,Sell
2024-01-01 15:10:06+00:00,95.78,1347,Sell
2024-01-01 12:40:07+00:00,58.28,156,buy
2024-01-01 10:54:40+00:00,72.49,240,SELL
2024-01-01 16:47:09+00:00,60.55,1492,buy
2024-01-01 03:30:57+00:00,90.99,663,SELL
2024-01-01 07:30:52+00:00,39.72,895,BUY
2024-01-01 18:00:41+00:00,87.59,1407,SELL
2024-01-01 10:13:42+01:00,28.99,1935,Sell
2024-01-01 03:23:23+00:00,50.11,1204,sell
2024-01-01 08:08:29+00:00,84.46,816,sell
2024-01-01 03:24:05+00:00,44.39,1767,Buy
2024-01-01 23:18:04+00:00,83.14,1858,SELL
2024-01-01 21:38:19+00:00,83.15,874,BUY
2024-01-01 23:55:22+00:00,44.54,1811,Buy
2024-01-01 17:11:07+01:00,3248.15,1850,Buy
2024-01-01 19:46:46+00:00,68.69,1866,BUY
2024-01-01 09:36:40+00:00,32.66,743,buy
2024-01-01 09:35:08+01:00,36.12,502,SELL
2024-01-01 00:02:12+00:00,77.74,539,buy
2024-01-01 10:30:13+01:00,77.19,625,BUY
2024-01-01 09:44:46+00:00,86.2,1801,Sell
2024-01-01 20:45:43+01:00,27.43,751,buy
2024-01-01 04:47:58+00:00,85.58,1708,sell
2024-01-01 08:49:47+00:00,99.44,1942,Buy
2024-01-01 07:48:04+00:00,73.38,1138,Sell
2024-01-01 09:17:43+01:00,77.53,1259,Buy
2024-01-01 06:42:14+00:00,58.8,NaN,Buy
2024-01-01 00:26:41+00:00,57.88,1380,buy
2024-01-01 19:10:12+00:00,21.54,1583,BUY
2024-01-01 05:07:49+00:00,35.25,1911,sell
2024-01-01 19:45:04+01:00,78.09,936,BUY
2024-01-01 20:59:56+00:00,79.96,1556,buy
2024-01-01 23:55:48+00:00,48.62,1197,Sell
2024-01-01 00:51:34+00:00,55.55,1046,BUY
2024-01-01 08:46:36+00:00,60.01,962,sell
2024-01-01 00:00:17+00:00,84.33,1978,Sell
2024-01-01 21:46:00+00:00,31.22,366,Buy
2024-01-01 19:15:12+00:00,37.22,769,Sell
2024-01-01 06:14:04+01:00,75.75,1879,Buy
2024-01-01 17:09:56+00:00,88.19,354,sell
2024-01-01 11:19:29+01:00,54.75,1209,BUY
2024-01-01 05:29:16+01:00,30.37,1189,sell
2024-01-01 08:14:44+01:00,64.41,763,Buy
2024-01-01 04:38:37+00:00,53.88,317,BUY
2024-01-01 17:36:36+00:00,48.75,455,BUY
2024-01-01 19:59:38+00:00,22.82,298,Sell
2024-01-01 00:08:38+00:00,28.11,1718,Buy
2024-01-01 17:50:29+00:00,80.68,1742,sell
2024-01-01 06:53:18+00:00,36.35,496,buy
2024-01-01 17:13:02+00:00,70,136,buy
2024-01-01 16:52:49+00:00,25.7,862,SELL
2024-01-01 17:31:59+00:00,94.99,1860,Buy
2024-01-01 04:13:08+00:00,75.9,454,Buy
2024-01-01 08:35:30+00:00,53.95,1799,Buy
2024-01-01 11:55:32+00:00,37.79,157,sell
2024-01-01 12:37:18+00:00,29.23,1251,BUY
2024-01-01 19:34:12+00:00,84.78,125,buy
2024-01-01 10:39:39+00:00,75.32,842,Buy
2024-01-01 12:11:36+00:00,55.27,1198,sell
2024-01-01 13:30:58+00:00,58.99,502,Sell
2024-01-01 14:44:17+00:00,74.06,1413,Sell
2024-01-01 18:28:21+00:00,99.17,1967,BUY
2024-01-01 02:37:57+00:00,34.8,967,Buy
2024-01-01 06:01:37+00:00,71.65,1793,Buy
2024-01-01 02:13:10+00:00,49.97,1803,SELL
2024-01-01 10:00:07+00:00,37.92,120,SELL
2024-01-01 15:02:40+00:00,86.76,789,Buy
2024-01-01 11:03:39+00:00,62.84,489,sell
2024-01-01 03:03:48+00:00,94.01,1135,Sell
2024-01-01 15:58:12+00:00,23.23,1204,sell
2024-01-01 22:48:05+00:00,86.75,278,buy
2024-01-01 13:40:57+01:00,88.36,855,SELL
2024-01-01 06:26:06+01:00,68.54,278,Buy
2024-01-01 14:58:28+00:00,90.33,277,Sell
2024-01-01 16:18:55+00:00,40.04,907,sell
2024-01-01 18:09:32+00:00,29.44,216,BUY
2024-01-01 06:41:23+00:00,36.17,737,sell
2024-01-01 02:37:44+00:00,27.75,73,SELL
2024-01-01 19:37:17+00:00,23.19,1348,Buy
2024-01-01 01:26:35+00:00,51.47,1059,Buy
2024-01-01 19:07:19+00:00,80.35,1266,sell
2024-01-01 11:23:59+00:00,70.87,899,SELL
2024-01-01 03:10:30+00:00,23.19,684,Sell
2024-01-01 04:40:00+00:00,90.76,1217,Sell
2024-01-01 12:27:58+00:00,82.94,510,SELL
2024-01-01 04:22:32+00:00,46.02,903,BUY
2024-01-01 01:17:55+00:00,24.11,1424,Sell
2024-01-01 10:59:12+00:00,42.42,861,Buy
2024-01-01 15:30:30+01:00,91.23,1251,Sell
2024-01-01 01:20:24+00:00,58.26,1007,SELL
2024-01-01 20:29:04+00:00,94.71,10193,sell
2024-01-01 11:28:34+00:00,39.42,356,Buy
2024-01-01 00:40:09+01:00,61.12,712,Sell
2024-01-01 08:57:22+00:00,26.18,31046,Sell
2024-01-01 20:51:06+01:00,72.49,1412,buy
2024-01-01 04:46:55+00:00,31.74,NaN,Buy
2024-01-01 20:22:22+00:00,94.29,1208,Buy
2024-01-01 18:16:58+00:00,58.1,435,sell
2024-01-01 17:15:22+00:00,,161,BUY
2024-01-01 08:32:48+01:00,69.5,1233,Sell
2024-01-01 12:49:04+00:00,3856.95,1947,Buy
2024-01-01 07:17:27+00:00,76.84,1299,Buy
2024-01-01 16:11:10+00:00,29.28,1897,BUY
2024-01-01 02:30:30+00:00,88.73,1505,Buy
2024-01-01 02:16:51+00:00,30.09,1336,Sell
2024-01-01 01:57:41+00:00,86.66,1287,Sell
2024-01-01 05:38:22+01:00,49.41,26683,Buy
2024-01-01 08:59:53+00:00,75.25,1367,Sell
2024-01-01 07:22:46+00:00,67.63,134,Sell
2024-01-01 19:08:15+00:00,96.64,216,Buy
2024-01-01 23:18:57+00:00,68.19,157,sell
2024-01-01 15:11:49+00:00,86.77,1869,buy
2024-01-01 23:10:39+00:00,83.69,1863,BUY
2024-01-01 02:06:40+00:00,27.53,1346,sell
2024-01-01 20:47:12+00:00,97.06,486,Sell
2024-01-01 09:30:47+00:00,64.64,649,Sell
2024-01-01 02:10:59+00:00,96.94,337,Sell
2024-01-01 02:03:31+00:00,61.76,1964,SELL
2024-01-01 12:28:47+00:00,45,1650,buy
2024-01-01 03:14:43+00:00,34.39,1540,BUY
2024-01-01 04:15:04+00:00,57.96,1240,sell
2024-01-01 01:47:01+00:00,95.2,423,BUY
2024-01-01 09:52:27+00:00,96.14,134,Sell
2024-01-01 13:23:35+00:00,65.28,907,sell
2024-01-01 21:09:28+00:00,NaN,1115,Sell
2024-01-01 18:13:52+00:00,42.04,383,buy
2024-01-01 00:13:12+00:00,64.3,85,buy
2024-01-01 07:19:46+00:00,97.75,860,buy
2024-01-01 09:11:21+00:00,76.94,48269,SELL
2024-01-01 14:14:58+00:00,45.25,1701,Sell
2024-01-01 19:03:11+00:00,81.99,615,sell
2024-01-01 10:44:46+00:00,97.48,1399,buy
2024-01-01 11:12:31+00:00,26.72,546,sell
2024-01-01 07:16:00+00:00,88.12,1885,Sell
2024-01-01 03:19:06+00:00,NaN,1236,buy
2024-01-01 05:28:52+00:00,67.8,757,sell
2024-01-01 23:13:11+00:00,60.11,566,sell
2024-01-01 16:12:28+01:00,71.57,950,BUY
2024-01-01 21:10:44+00:00,44.64,1764,Buy
2024-01-01 10:19:02+01:00,76.13,1946,Sell
2024-01-01 07:07:44+00:00,61.53,226,BUY
2024-01-01 10:27:18+00:00,46.96,958,sell
2024-01-01 18:56:55+00:00,50.14,1440,sell
2024-01-01 18:34:31+00:00,90.98,1350,SELL
2024-01-01 06:20:50+00:00,61.01,1580,buy
2024-01-01 09:22:26+00:00,35.51,735,sell
2024-01-01 21:41:26+01:00,21.22,386,sell
2024-01-01 02:15:36+00:00,85.31,193,SELL
2024-01-01 11:06:39+00:00,68.91,1019,SELL
2024-01-01 04:09:15+01:00,58.41,1586,sell
2024-01-01 23:01:02+00:00,77.35,1796,buy
2024-01-01 11:56:13+00:00,35.37,580,sell
2024-01-01 07:06:52+00:00,89.45,1133,Buy
2024-01-01 09:36:57+00:00,64.7,729,SELL
2024-01-01 13:22:55+00:00,98.79,141,Buy
2024-01-01 12:13:04+00:00,89.19,991,Buy
2024-01-01 13:13:33+00:00,39,433,BUY
2024-01-01 22:00:05+01:00,34.85,1508,Sell
2024-01-01 04:06:37+00:00,21.35,1744,SELL
2024-01-01 16:05:04+01:00,25.39,870,SELL
2024-01-01 07:47:40+01:00,23.55,926,SELL
2024-01-01 15:31:18+01:00,75.83,1462,SELL
2024-01-01 02:14:29+00:00,84.76,652,BUY
2024-01-01 14:27:56+00:00,,247,Buy
2024-01-01 15:00:54+00:00,55.2,206,Buy
2024-01-01 15:24:38+00:00,98.73,587,Sell
2024-01-01 05:01:03+01:00,70.86,775,Buy
2024-01-01 00:56:54+00:00,62.51,494,buy
2024-01-01 10:20:56+00:00,98.1,664,Sell
2024-01-01 15:27:30+00:00,59.45,1575,SELL
2024-01-01 10:16:37+00:00,64.78,509,Buy
2024-01-01 09:23:39+00:00,22.11,433,BUY
2024-01-01 00:02:44+00:00,67.88,1598,SELL
2024-01-01 14:21:48+00:00,94.4,259,BUY
2024-01-01 01:17:15+00:00,42.51,,Buy
2024-01-01 08:11:59+01:00,58.61,514,BUY
2024-01-01 07:26:43+00:00,21.61,179,sell
2024-01-01 17:46:33+00:00,51.97,1934,sell
2024-01-01 22:30:02+00:00,25.7,1357,buy
2024-01-01 07:48:14+00:00,73.35,272,BUY
2024-01-01 12:39:15+00:00,46.89,1940,buy
2024-01-01 00:44:33+00:00,32.4,1537,BUY
2024-01-01 00:11:04+00:00,53.61,1409,buy
2024-01-01 04:51:47+00:00,85.71,399,Sell
2024-01-01 13:36:29+00:00,97.64,1458,BUY
2024-01-01 14:15:32+00:00,25.87,1336,Sell
2024-01-01 02:16:38+00:00,4611.95,1786,BUY
2024-01-01 15:39:36+01:00,73.79,1021,sell
2024-01-01 03:14:08+00:00,33.46,229,buy
2024-01-01 10:54:34+00:00,30.45,677,buy
2024-01-01 12:41:12+00:00,27.38,1089,Buy
2024-01-01 05:07:07+00:00,72.33,,Sell
2024-01-01 09:33:33+00:00,23.33,1372,buy
2024-01-01 19:38:13+01:00,38.25,1866,buy
2024-01-01 23:51:53+01:00,45.11,950,buy
2024-01-01 03:40:57+00:00,54.94,151,SELL
2024-01-01 06:34:57+00:00,48.87,1507,SELL
2024-01-01 10:01:17+00:00,94.06,233,Buy
2024-01-01 09:23:21+00:00,76.17,565,Buy
2024-01-01 05:08:43+00:00,31.81,1347,Buy
2024-01-01 06:53:14+01:00,29.24,1481,BUY
2024-01-01 15:48:26+00:00,76.82,662,sell
2024-01-01 20:13:00+00:00,90.75,1805,sell
2024-01-01 04:33:03+00:00,38.41,1460,Buy
2024-01-01 14:15:08+01:00,65.32,1878,Buy
2024-01-01 08:36:57+00:00,34.86,486,BUY
2024-01-01 23:11:26+00:00,78.38,926,Sell
2024-01-01 07:27:04+01:00,35.81,1245,BUY
2024-01-01 02:25:51+01:00,54.44,598,SELL
2024-01-01 13:48:13+00:00,33.62,1820,Sell
2024-01-01 01:58:41+00:00,78.97,294,Buy
2024-01-01 17:43:21+01:00,93.81,1295,buy
2024-01-01 00:17:08+00:00,49.85,1393,Sell
2024-01-01 00:32:04+00:00,32.77,1472,sell
2024-01-01 10:16:29+00:00,75.89,1459,BUY
2024-01-01 19:59:00+01:00,61.69,194,Sell
2024-01-01 07:25:48+00:00,47.28,1337,BUY
2024-01-01 18:46:41+00:00,28.18,1834,SELL
2024-01-01 13:10:25+00:00,35.57,447,SELL
2024-01-01 16:33:17+00:00,76.99,1997,Sell
2024-01-01 18:45:41+00:00,24.06,746,Sell
2024-01-01 07:56:07+00:00,76.6,1215,buy
2024-01-01 02:00:29+00:00,95.68,1730,BUY
2024-01-01 09:34:01+00:00,66.34,1754,Sell
2024-01-01 23:05:21+01:00,38.15,1516,buy
2024-01-01 18:03:11+01:00,51.8,1549,Sell
2024-01-01 09:08:49+00:00,96.99,1111,buy
2024-01-01 11:26:37+00:00,25.07,651,Sell
2024-01-01 18:16:30+01:00,,926,sell
2024-01-01 13:18:28+01:00,81.95,1409,BUY
2024-01-01 11:22:32+00:00,61.59,1548,Sell
2024-01-01 04:55:45+00:00,88.0,269,Buy
2024-01-01 09:58:18+00:00,81.81,361,SELL
2024-01-01 23:51:17+00:00,65.48,548,buy
2024-01-01 16:50:53+00:00,82.63,1677,Sell
2024-01-01 14:35:55+00:00,NaN,1204,sell
2024-01-01 13:33:51+00:00,28.43,1825,buy
2024-01-01 14:06:23+00:00,44.16,1427,Sell
2024-01-01 13:10:19+00:00,57.98,1507,Buy
2024-01-01 18:30:04+00:00,31.65,1411,SELL
2024-01-01 14:41:24+00:00,37.97,1881,sell
2024-01-01 11:00:40+01:00,85.46,1474,BUY
2024-01-01 05:46:10+00:00,81.05,533,Buy
2024-01-01 19:56:05+00:00,20.19,497,Sell
2024-01-01 19:57:34+00:00,42.96,1404,sell
2024-01-01 07:18:38+00:00,37.85,891,SELL
2024-01-01 11:17:22+01:00,49.52,1201,buy
2024-01-01 02:54:37+01:00,79.24,403,SELL
2024-01-01 12:56:15+00:00,24.36,322,SELL
2024-01-01 15:08:56+00:00,40.82,1127,SELL
2024-01-01 13:55:53+01:00,24.03,1836,sell
2024-01-01 06:47:33+00:00,34.22,291,Buy
2024-01-01 04:10:53+00:00,94.93,287,SELL
2024-01-01 01:51:12+00:00,20.87,1591,buy
2024-01-01 01:45:32+01:00,88.27,1143,Sell
2024-01-01 18:30:49+00:00,36.23,1125,Sell
2024-01-01 19:43:32+00:00,76.61,1238,SELL
2024-01-01 12:32:52+00:00,46.96,939,sell
2024-01-01 07:27:55+01:00,48.6,1373,Buy
2024-01-01 09:12:18+01:00,79.67,1217,Sell
2024-01-01 19:21:46+00:00,49.05,782,sell
2024-01-01 08:16:52+01:00,55.42,900,Sell
2024-01-01 15:55:06+00:00,67.65,1690,sell
2024-01-01 13:36:21+01:00,59.4,1490,sell
2024-01-01 05:29:28+01:00,89.16,227,sell
2024-01-01 15:04:50+01:00,57.14,943,BUY
2024-01-01 05:12:15+00:00,23.53,NaN,SELL
2024-01-01 09:39:21+00:00,94.86,1448,buy
2024-01-01 20:14:43+00:00,38.4,811,buy
2024-01-01 04:19:54+01:00,77.87,108,buy
2024-01-01 23:46:31+01:00,32.53,188,Buy
2024-01-01 20:44:51+00:00,50.85,200,SELL
2024-01-01 17:29:38+00:00,27.61,1998,Buy
2024-01-01 08:39:59+00:00,65.7,469,Sell
2024-01-01 06:21:41+01:00,73.63,622,Buy
2024-01-01 16:37:13+00:00,66.53,507,buy
2024-01-01 03:00:14+01:00,62.75,,buy
2024-01-01 18:31:56+00:00,21.06,1879,Sell
2024-01-01 02:15:21+00:00,38.28,208,Sell
2024-01-01 21:18:32+01:00,89.52,114,sell
2024-01-01 11:31:06+00:00,38.48,437,Sell
2024-01-01 21:34:41+00:00,27.21,943,buy
2024-01-01 04:05:07+00:00,86,112,SELL
2024-01-01 05:48:42+00:00,89.24,354,BUY
2024-01-01 18:03:01+00:00,58.09,435,Buy
2024-01-01 12:11:28+00:00,63.98,503,sell
2024-01-01 00:08:57+00:00,52.63,NaN,BUY
2024-01-01 15:46:27+00:00,90.69,253,Buy
2024-01-01 10:27:56+00:00,50.96,349,sell
2024-01-01 21:45:35+00:00,96.64,1832,buy
2024-01-01 23:26:40+00:00,60.55,1069,BUY
2024-01-01 13:12:31+00:00,79.49,551,buy
2024-01-01 11:06:57+01:00,41.18,1195,BUY
2024-01-01 08:20:21+00:00,68.39,1307,Sell
2024-01-01 00:40:50+00:00,86.72,149,BUY
2024-01-01 17:15:05+00:00,25.38,1867,sell
2024-01-01 05:11:21+00:00,95.95,1657,Buy
2024-01-01 19:24:16+00:00,90.95,107,sell
2024-01-01 09:27:07+01:00,51.99,1729,SELL
2024-01-01 07:25:52+00:00,81.83,1863,Sell
2024-01-01 19:08:56+00:00,28.83,324,Sell
2024-01-01 08:51:22+00:00,60.9,1045,sell
2024-01-01 08:43:35+01:00,93.17,1577,sell
2024-01-01 03:00:33+01:00,85.51,191,buy
2024-01-01 12:52:01+00:00,53.7,1671,Buy
2024-01-01 13:48:57+01:00,61.99,1682,SELL
2024-01-01 02:31:47+00:00,85.42,1088,SELL
2024-01-01 12:16:50+00:00,78.51,1230,sell
2024-01-01 02:22:01+01:00,96.01,1647,sell
2024-01-01 15:37:07+00:00,40.88,1844,sell
2024-01-01 09:18:00+00:00,30.99,976,SELL
2024-01-01 08:25:00+00:00,88.61,568,sell
2024-01-01 07:11:36+00:00,79.7,591,buy
2024-01-01 01:45:22+00:00,99.26,988,Buy
2024-01-01 05:23:07+00:00,39.1,1422,SELL
2024-01-01 07:42:37+01:00,77.09,1752,SELL
2024-01-01 09:18:16+00:00,98.77,1159,buy
2024-01-01 12:51:03+00:00,41.9,1286,BUY
2024-01-01 15:07:28+01:00,37.21,1780,sell
2024-01-01 18:51:37+00:00,35.57,34688,Sell
2024-01-01 18:51:25+00:00,78.32,1204,sell
2024-01-01 01:04:31+00:00,36.96,1152,buy
2024-01-01 19:31:11+00:00,53.82,1039,SELL
2024-01-01 09:49:47+00:00,71.78,1171,Buy
2024-01-01 20:55:53+00:00,75.89,1206,Buy
2024-01-01 02:56:31+00:00,55.26,537,Buy
2024-01-01 14:22:32+00:00,64.62,55,sell
2024-01-01 08:09:49+00:00,53.18,664,BUY
2024-01-01 22:22:15+00:00,72.95,1540,Buy
2024-01-01 16:57:23+00:00,28.37,373,Sell
2024-01-01 01:05:27+00:00,89.77,693,SELL
2024-01-01 12:38:38+00:00,27.5,1079,buy
2024-01-01 18:42:11+00:00,70.83,1568,Sell
2024-01-01 07:53:11+00:00,90.39,1348,Sell
2024-01-01 19:37:38+00:00,89.4,1793,Buy
2024-01-01 07:33:27+00:00,61.11,444,BUY
2024-01-01 14:49:32+00:00,60.27,142,buy
2024-01-01 08:46:28+01:00,67.72,21564,Buy
2024-01-01 21:12:40+00:00,73.12,1111,buy
2024-01-01 00:22:36+00:00,93.75,1468,Sell
2024-01-01 05:27:56+00:00,92.53,1445,Buy
2024-01-01 04:39:12+00:00,56.04,1480,SELL
2024-01-01 21:54:08+00:00,45.23,1560,buy
2024-01-01 08:41:29+01:00,37.75,658,buy
2024-01-01 21:09:46+01:00,71.55,492,Buy
2024-01-01 09:09:06+00:00,41.57,1334,Sell
2024-01-01 13:49:14+00:00,22.12,1594,SELL
2024-01-01 13:07:52+00:00,52.56,323,buy
2024-01-01 12:31:54+00:00,69.11,1695,sell
2024-01-01 11:07:32+00:00,61.74,458,Buy
2024-01-01 08:08:10+00:00,85.99,800,Sell
2024-01-01 18:06:44+00:00,52.2,724,SELL
2024-01-01 10:34:59+00:00,53.31,1123,SELL
2024-01-01 17:39:38+00:00,85.17,197,BUY
2024-01-01 22:34:44+01:00,69.57,65,Buy
2024-01-01 20:35:23+00:00,32.69,586,Sell
2024-01-01 07:25:55+00:00,45.86,764,sell
2024-01-01 05:18:06+00:00,56.41,1263,buy
2024-01-01 02:37:34+01:00,27.42,340,sell
2024-01-01 11:06:35+01:00,68.56,200,Sell
2024-01-01 11:14:40+01:00,33.18,1143,buy
2024-01-01 00:51:17+00:00,68.31,1275,BUY
2024-01-01 21:58:56+00:00,87.6,1524,SELL
2024-01-01 16:55:10+00:00,20.44,1433,Buy
2024-01-01 20:26:14+00:00,42.13,267,Buy
2024-01-01 13:44:14+01:00,73.41,1611,BUY
2024-01-01 04:19:38+00:00,51.9,1907,Buy
2024-01-01 17:46:10+00:00,64.05,529,sell
2024-01-01 16:12:33+00:00,84.81,98,Sell
2024-01-01 13:21:59+00:00,89.51,770,sell
2024-01-01 19:21:50+00:00,33.25,NaN,buy
2024-01-01 21:29:32+01:00,97.27,430,BUY
2024-01-01 07:00:23+00:00,74.88,1996,Sell
2024-01-01 04:05:01+00:00,96.01,158,BUY
2024-01-01 11:56:39+01:00,55.87,383,buy
2024-01-01 14:15:12+00:00,50.63,1188,BUY
2024-01-01 22:08:31+01:00,94.34,1160,sell
2024-01-01 11:06:50+00:00,22.31,852,sell
2024-01-01 16:59:40+00:00,49.09,826,SELL
2024-01-01 03:31:20+01:00,88.33,1970,sell
2024-01-01 18:33:16+00:00,82.06,1324,buy
2024-01-01 12:01:15+00:00,83.63,1519,BUY
2024-01-01 15:58:07+00:00,64.33,1138,sell
2024-01-01 09:29:17+00:00,64.26,1446,SELL
2024-01-01 22:05:27+01:00,46.66,732,Buy
2024-01-01 02:01:09+00:00,93.54,1835,sell
2024-01-01 13:12:23+00:00,88.51,1214,sell
2024-01-01 10:47:12+00:00,43.92,813,Buy
2024-01-01 04:35:37+00:00,69.17,NaN,BUY
2024-01-01 08:26:05+00:00,66.26,284,Sell
2024-01-01 02:08:33+00:00,55.65,702,Sell
2024-01-01 09:22:26+00:00,21.41,793,buy
2024-01-01 02:49:00+00:00,94.42,482,Sell
2024-01-01 13:34:30+00:00,44.99,743,buy
2024-01-01 05:37:06+00:00,89.34,322,sell
2024-01-01 05:20:10+01:00,89.91,1980,Buy
2024-01-01 08:03:05+00:00,25.26,125,sell
2024-01-01 05:10:08+00:00,95.96,743,Buy
2024-01-01 08:54:54+01:00,71.54,1325,BUY
2024-01-01 14:25:33+00:00,20.24,777,sell
2024-01-01 19:18:16+00:00,51.96,20998,buy
2024-01-01 20:24:22+00:00,90.02,961,Buy
2024-01-01 15:24:53+00:00,52.34,1192,BUY
2024-01-01 15:56:41+00:00,78.33,1154,BUY
2024-01-01 02:16:02+01:00,81.4,1268,Buy
2024-01-01 11:56:28+00:00,83.04,554,BUY
2024-01-01 19:10:49+00:00,23,360,buy
2024-01-01 20:14:33+00:00,81.45,1687,Buy
2024-01-01 11:14:27+01:00,33,491,SELL
2024-01-01 20:15:41+00:00,47.74,1089,SELL
2024-01-01 02:22:06+01:00,67.41,1155,Sell
2024-01-01 04:18:13+00:00,84.63,1544,Buy
2024-01-01 10:51:37+01:00,75.35,520,sell
2024-01-01 11:18:53+00:00,25.42,545,SELL
2024-01-01 19:37:16+00:00,54.38,1719,Sell
2024-01-01 13:22:59+00:00,38.08,1240,Buy
2024-01-01 14:14:02+01:00,70.41,442,Buy
2024-01-01 06:20:35+00:00,81.88,216,Sell
2024-01-01 18:23:13+00:00,27,1205,Buy
2024-01-01 06:24:46+01:00,90.57,,Buy
2024-01-01 12:45:36+00:00,78.08,1511,BUY
2024-01-01 00:41:07+00:00,55.76,1261,BUY
2024-01-01 11:57:55+00:00,39.71,704,Buy
2024-01-01 05:50:38+00:00,64.89,1107,BUY
2024-01-01 23:39:50+00:00,99.82,233,BUY
2024-01-01 17:50:55+00:00,85.61,254,SELL
2024-01-01 04:19:04+01:00,53.8,116,buy
2024-01-01 06:59:13+00:00,81.05,645,Sell
2024-01-01 02:52:25+00:00,99.07,27696,sell
2024-01-01 15:46:32+01:00,67.74,1268,SELL
2024-01-01 03:47:44+00:00,65.62,322,BUY
2024-01-01 15:09:47+00:00,68.47,1738,sell
2024-01-01 13:23:18+00:00,76.52,1995,buy
2024-01-01 18:32:00+00:00,94.37,1054,BUY
2024-01-01 03:35:01+00:00,60.64,1165,BUY
2024-01-01 06:11:50+00:00,22.52,664,buy
2024-01-01 22:21:39+00:00,50.33,334,buy
2024-01-01 22:13:29+00:00,63.21,1076,sell
2024-01-01 22:33:09+00:00,71.5,660,sell
2024-01-01 23:06:58+00:00,66.94,1020,SELL
2024-01-01 12:58:30+00:00,84.39,1113,buy
2024-01-01 01:26:36+00:00,68.31,1796,Buy
2024-01-01 03:28:18+01:00,56.88,142,BUY
2024-01-01 02:36:53+00:00,54.6,894,BUY
2024-01-01 19:25:15+01:00,83.93,126,SELL
2024-01-01 11:52:44+00:00,63.46,788,buy
2024-01-01 08:03:20+00:00,45.87,642,Buy
2024-01-01 23:03:04+00:00,59.85,1991,sell
2024-01-01 06:14:02+01:00,44.83,1945,Buy
2024-01-01 06:05:28+00:00,21.68,412,SELL
2024-01-01 21:04:24+00:00,56.23,1669,buy
2024-01-01 13:04:27+00:00,90.08,577,BUY
2024-01-01 02:01:13+00:00,36.97,1804,BUY
2024-01-01 16:37:55+00:00,49.52,1968,sell
2024-01-01 02:46:06+00:00,56.78,423,Buy
2024-01-02 11:09:08+00:00,42.04,1480,Buy
2024-01-02 09:55:07+00:00,35.71,860,buy
2024-01-02 05:19:21+00:00,81.06,1175,Buy
2024-01-02 21:39:22+00:00,66.36,1704,sell
2024-01-02 02:20:47+00:00,89.99,1139,buy
2024-01-02 03:12:17+01:00,75.38,1972,buy
2024-01-02 06:28:59+01:00,30.21,432,buy
2024-01-02 10:54:56+00:00,52.52,856,SELL
2024-01-02 04:39:17+00:00,20.24,847,SELL
2024-01-02 13:16:08+01:00,54.08,1744,Buy
2024-01-02 02:38:15+01:00,82,993,BUY
2024-01-02 03:50:45+00:00,45.69,372,sell
2024-01-02 02:20:05+00:00,1082.05,299,sell
2024-01-02 09:34:41+00:00,44.73,570,Sell
2024-01-02 17:49:38+00:00,46.18,130,buy
2024-01-02 00:09:38+00:00,36.13,1867,SELL
2024-01-02 06:34:07+00:00,64.79,381,Sell
2024-01-02 00:36:43+00:00,89.43,1131,Buy
2024-01-02 08:41:50+00:00,59.38,95,Buy
2024-01-02 22:48:54+00:00,63.5,NaN,SELL
2024-01-02 14:15:14+00:00,97.9,1124,Sell
2024-01-02 03:34:00+00:00,78.57,927,Buy
2024-01-02 17:45:08+00:00,21.61,753,Sell
2024-01-02 21:35:03+00:00,72.76,1870,buy
2024-01-02 09:42:03+00:00,70.79,667,sell
2024-01-02 09:04:42+00:00,94.37,1432,Sell
2024-01-02 10:28:27+00:00,44.0,1282,Sell
2024-01-02 20:04:28+00:00,85.81,575,sell
2024-01-02 21:44:57+00:00,68.63,1680,buy
2024-01-02 18:04:18+00:00,87.4,922,buy
2024-01-02 12:34:50+00:00,,831,Sell
2024-01-02 07:44:56+00:00,68.17,569,sell
2024-01-02 16:58:38+01:00,34.9,156,buy
2024-01-02 15:20:08+00:00,91.61,1227,Buy
2024-01-02 01:46:23+00:00,49.28,40610,SELL
2024-01-02 17:40:38+00:00,55.13,870,Sell
2024-01-02 13:34:43+00:00,69.23,48516,Buy
2024-01-02 20:00:15+01:00,97.66,803,Buy
2024-01-02 02:26:57+00:00,25.69,712,Buy
2024-01-02 13:39:32+00:00,82.24,1528,SELL
2024-01-02 13:59:25+00:00,87.22,1211,buy
2024-01-02 05:16:18+01:00,47.93,907,BUY
2024-01-02 09:06:57+00:00,40.47,960,Sell
2024-01-02 01:43:12+01:00,23.55,1747,BUY
2024-01-02 08:41:56+00:00,73.76,567,sell
2024-01-02 08:44:22+00:00,26.04,456,SELL
2024-01-02 19:39:56+00:00,27.96,1143,SELL
2024-01-02 00:06:03+00:00,79.86,1760,BUY
2024-01-02 08:38:23+00:00,4731.23,135,Buy
2024-01-02 17:16:33+00:00,67.44,1751,SELL
2024-01-02 03:28:36+01:00,35.28,1085,buy
2024-01-02 11:06:45+01:00,95.57,1295,Sell
2024-01-02 20:41:26+00:00,96,121,sell
2024-01-02 04:06:19+01:00,1751.09,1686,Buy
2024-01-02 06:37:44+00:00,58.67,181,buy
2024-01-02 15:47:43+00:00,81.4,960,BUY
2024-01-02 16:52:07+00:00,54.01,1345,SELL
2024-01-02 09:26:02+00:00,26.66,1382,BUY
2024-01-02 10:15:41+01:00,51.82,1041,BUY
2024-01-02 01:47:36+00:00,45.85,1443,sell
2024-01-02 08:23:21+01:00,86.96,748,Buy
2024-01-02 03:24:14+00:00,78.79,398,buy
2024-01-02 13:58:40+00:00,98.65,468,buy
2024-01-02 20:56:09+00:00,88.47,1959,buy
2024-01-02 15:21:49+00:00,68.35,1473,SELL
2024-01-02 22:45:44+00:00,35.38,588,Buy
2024-01-02 07:30:22+01:00,87.0,1859,SELL
2024-01-02 15:47:47+01:00,93.58,154,Buy
2024-01-02 09:06:13+00:00,77.36,955,SELL
2024-01-02 08:18:44+00:00,26.04,1747,buy
2024-01-02 12:43:16+00:00,28.22,870,Buy
2024-01-02 20:49:42+00:00,22.53,474,BUY
2024-01-02 05:13:51+01:00,79.05,911,buy
2024-01-02 15:12:22+00:00,80.74,1786,SELL
2024-01-02 05:58:02+01:00,71.91,879,sell
2024-01-02 08:18:19+00:00,40.43,508,Sell
2024-01-02 02:52:29+00:00,86.68,592,BUY
2024-01-02 05:56:27+00:00,30.97,113,SELL
2024-01-02 11:40:02+01:00,26.55,1712,buy
2024-01-02 13:28:41+00:00,74.6,1243,sell
2024-01-02 09:05:49+00:00,42.3,636,Sell
2024-01-02 13:46:48+00:00,69.05,974,Sell
2024-01-02 11:33:02+00:00,59.52,1042,sell
2024-01-02 18:48:32+00:00,49.13,983,BUY
2024-01-02 20:08:38+00:00,22.38,711,sell
2024-01-02 19:43:38+00:00,NaN,1368,SELL
2024-01-02 21:24:45+00:00,85.35,295,SELL
2024-01-02 23:26:20+01:00,63.72,149,SELL
2024-01-02 03:34:50+01:00,91.31,1623,sell
2024-01-02 09:06:04+00:00,3984.43,347,BUY
2024-01-02 13:45:36+00:00,31.16,1088,SELL
2024-01-02 08:09:17+00:00,69.48,86,BUY
2024-01-02 10:33:42+00:00,41.23,749,Buy
2024-01-02 23:56:19+00:00,69.19,719,sell
2024-01-02 06:00:21+00:00,41.39,197,Buy
2024-01-02 12:04:30+00:00,78.54,831,sell
2024-01-02 00:22:46+00:00,33.27,915,buy
2024-01-02 19:03:44+00:00,95.46,360,BUY
2024-01-02 04:45:38+00:00,63.34,712,buy
2024-01-02 16:11:00+00:00,21.33,651,SELL
2024-01-02 07:09:11+00:00,50.49,188,BUY
2024-01-02 11:27:53+00:00,34.89,1444,Sell
2024-01-02 05:26:25+00:00,38.85,841,SELL
2024-01-02 05:33:21+01:00,94.05,996,BUY
2024-01-02 08:58:08+00:00,51.72,1138,sell
2024-01-02 13:45:21+01:00,56.4,1761,Sell
2024-01-02 12:35:17+00:00,80.37,987,SELL
2024-01-02 00:33:09+00:00,31.0,1348,sell
2024-01-02 22:28:28+00:00,58.2,51,buy
2024-01-02 22:46:06+01:00,25.66,1321,BUY
2024-01-02 18:06:07+00:00,88.89,1383,BUY
2024-01-02 09:23:14+00:00,69.67,893,buy
2024-01-02 22:46:38+00:00,58.54,1926,sell
2024-01-02 21:05:05+00:00,70.95,1055,sell
2024-01-02 05:10:23+00:00,58.8,,BUY
2024-01-02 15:58:34+00:00,96.64,132,Sell
2024-01-02 11:08:28+00:00,71.13,876,BUY
2024-01-02 13:14:45+00:00,87.51,342,buy
2024-01-02 23:33:39+01:00,85.91,1419,Sell
2024-01-02 02:38:57+00:00,89.22,1048,Sell
2024-01-02 07:54:11+00:00,89.29,607,Buy
2024-01-02 09:00:54+00:00,65.04,1111,sell
2024-01-02 05:50:45+00:00,36.91,1213,buy
2024-01-02 04:41:27+01:00,32.23,1288,Sell
2024-01-02 07:50:16+00:00,96.61,1383,Buy
2024-01-02 13:11:13+01:00,23.33,1688,sell
2024-01-02 03:03:17+00:00,50.22,626,Buy
2024-01-02 00:08:46+00:00,66.54,402,Sell
2024-01-02 13:22:53+00:00,90.1,647,buy
2024-01-02 17:48:47+00:00,53.38,1135,Buy
2024-01-02 22:52:01+00:00,55.23,734,Buy
2024-01-02 17:37:20+00:00,49.14,57,BUY
2024-01-02 09:08:00+01:00,48.23,1438,Sell
2024-01-02 22:01:13+00:00,50.71,1761,Buy
2024-01-02 18:22:49+00:00,24.41,1813,BUY
2024-01-02 12:42:21+01:00,38.57,324,buy
2024-01-02 04:14:35+01:00,43.29,833,buy
2024-01-02 14:11:01+00:00,57.75,1870,Buy
2024-01-02 16:16:57+01:00,39.41,1142,buy
2024-01-02 07:24:57+01:00,27.81,845,BUY
2024-01-02 07:14:15+01:00,61.8,1504,Buy
2024-01-02 17:43:11+00:00,75.31,1820,Sell
2024-01-02 09:03:27+01:00,98.9,289,BUY
2024-01-02 15:59:35+00:00,99.26,420,Sell
2024-01-02 11:23:27+00:00,33.15,1293,Buy
2024-01-02 20:34:36+00:00,87.34,121,Sell
2024-01-02 06:58:46+00:00,72.88,410,Sell
2024-01-02 17:48:14+00:00,44,1677,BUY
2024-01-02 18:11:10+00:00,71.72,56,Sell
2024-01-02 20:04:16+01:00,97.05,431,BUY
2024-01-02 00:26:48+00:00,90.22,653,sell
2024-01-02 12:53:23+01:00,77.04,1569,buy
2024-01-02 19:47:45+00:00,49.6,541,SELL
2024-01-02 20:13:49+00:00,43,302,SELL
2024-01-02 03:25:26+00:00,29.91,1011,Buy
2024-01-02 09:38:28+00:00,50.81,1261,SELL
2024-01-02 16:39:30+01:00,31.05,1324,buy
2024-01-02 00:53:48+00:00,35.15,150,buy
2024-01-02 11:46:08+00:00,63.52,568,buy
2024-01-02 05:21:50+00:00,38.95,1295,SELL
2024-01-02 12:36:41+00:00,77.88,1966,sell
2024-01-02 05:49:03+00:00,22.41,867,BUY
2024-01-02 20:26:50+01:00,53.67,224,Sell
2024-01-02 04:15:18+00:00,31.92,226,Sell
2024-01-02 05:00:44+00:00,64.96,459,Buy
2024-01-02 02:34:39+01:00,94.38,730,Buy
2024-01-02 02:25:51+00:00,79.89,251,BUY
2024-01-02 21:40:31+00:00,79.1,1306,sell
2024-01-02 22:42:54+00:00,94.55,362,Sell
2024-01-02 04:46:31+00:00,28.73,154,SELL
2024-01-02 06:13:06+00:00,49.2,85,Sell
2024-01-02 08:06:38+00:00,72.57,1678,buy
2024-01-02 03:18:03+00:00,79.83,1217,SELL
2024-01-02 18:43:32+00:00,79.22,1992,buy
2024-01-02 14:45:54+00:00,39.13,1540,sell
2024-01-02 15:24:15+01:00,82.66,1535,Buy
2024-01-02 04:37:40+00:00,36.35,610,sell
2024-01-02 05:13:48+00:00,24.14,1746,SELL
2024-01-02 02:26:10+00:00,71.87,1290,Sell
2024-01-02 05:26:23+00:00,82.47,1504,sell
2024-01-02 00:00:41+01:00,93.87,1857,BUY
2024-01-02 03:07:33+00:00,25.9,155,Sell
2024-01-02 15:02:37+01:00,77.98,290,Sell
2024-01-02 09:17:54+00:00,34.78,1254,BUY
2024-01-02 08:05:02+00:00,67.11,216,buy
2024-01-02 02:51:44+01:00,66.53,891,sell
2024-01-02 05:22:26+00:00,99.66,326,Buy
2024-01-02 06:06:53+00:00,81.51,596,BUY
2024-01-02 13:46:18+00:00,68.01,949,Buy
2024-01-02 10:13:16+01:00,53.31,623,SELL
2024-01-02 03:15:20+00:00,95.12,979,SELL
2024-01-02 03:49:51+00:00,86.71,935,Buy
2024-01-02 20:18:53+01:00,51.92,114,SELL
2024-01-02 13:52:29+01:00,62.32,605,Buy
2024-01-02 04:50:52+00:00,70.79,1944,Sell
2024-01-02 04:23:46+01:00,41.61,912,Sell
2024-01-02 00:17:45+00:00,31.12,1280,buy
2024-01-02 18:30:51+01:00,33.27,69,SELL
2024-01-02 11:22:43+01:00,92.17,570,Buy
2024-01-02 21:22:28+00:00,37.02,1445,sell
2024-01-02 00:36:37+00:00,55.35,1853,Buy
2024-01-02 11:42:27+00:00,97.91,688,BUY
2024-01-02 01:22:44+00:00,44.91,1167,Sell
2024-01-02 21:35:30+00:00,71.19,1543,buy
2024-01-02 21:16:40+00:00,66.8,1923,sell
2024-01-02 04:38:24+01:00,77.72,1676,SELL
2024-01-02 23:40:38+00:00,76.75,1850,Sell
2024-01-02 18:43:46+00:00,42.04,835,Sell
2024-01-02 02:09:02+00:00,59.46,1018,SELL
2024-01-02 20:19:45+00:00,42.47,1605,SELL
2024-01-02 23:23:49+00:00,58.67,1251,sell
2024-01-02 06:39:10+00:00,75.84,155,Buy
2024-01-02 08:55:35+00:00,94.6,810,SELL
2024-01-02 03:20:33+01:00,82.48,1842,sell
2024-01-02 21:02:58+01:00,20.59,1793,sell
2024-01-02 22:59:55+01:00,44.49,826,buy
2024-01-02 08:06:39+00:00,41.25,1962,sell
2024-01-02 09:45:51+00:00,66.64,1972,Buy
2024-01-02 01:08:32+01:00,94.91,473,Buy
2024-01-02 04:53:19+00:00,48.36,1656,SELL
2024-01-02 05:23:46+00:00,66.2,524,buy
2024-01-02 01:40:46+00:00,87.89,572,SELL
2024-01-02 20:45:40+01:00,67.87,1136,SELL
2024-01-02 12:22:39+00:00,83.09,1028,sell
2024-01-02 22:50:54+00:00,42.85,1446,sell
2024-01-02 19:57:55+00:00,98.34,835,BUY
2024-01-02 00:48:56+00:00,91.13,631,Sell
2024-01-02 17:07:13+00:00,24.53,1682,BUY
2024-01-02 05:28:07+00:00,30.76,233,Buy
2024-01-02 06:58:35+00:00,39.01,1809,sell
2024-01-02 09:42:47+00:00,95.91,626,BUY
2024-01-02 04:06:11+00:00,90,577,sell
2024-01-02 09:48:32+01:00,39.2,1385,BUY
2024-01-02 17:42:10+00:00,83.93,1262,SELL
2024-01-02 12:13:51+01:00,39,1075,sell
2024-01-02 17:07:02+00:00,87.63,1673,Buy
2024-01-02 22:41:27+00:00,76.37,887,SELL
2024-01-02 15:50:05+00:00,,72,Sell
2024-01-02 20:49:43+00:00,28.02,375,SELL
2024-01-02 09:53:38+00:00,38.39,1393,sell
2024-01-02 05:47:12+00:00,75.51,661,Buy
2024-01-02 05:34:49+00:00,82.18,1818,sell
2024-01-02 19:55:18+00:00,,1191,buy
2024-01-02 23:04:21+00:00,75.01,578,sell
2024-01-02 10:59:39+00:00,64.18,419,SELL
2024-01-02 01:48:16+00:00,37.81,699,Sell
2024-01-02 05:32:03+00:00,38.85,918,Sell
2024-01-02 23:06:15+01:00,66.44,348,Buy
2024-01-02 20:45:47+00:00,25.66,812,SELL
2024-01-02 14:58:32+00:00,66.09,1634,sell
2024-01-02 02:53:07+00:00,21.39,961,BUY
2024-01-02 17:55:50+00:00,21.04,1074,sell
2024-01-02 18:26:11+00:00,25.67,1810,buy
2024-01-02 14:02:42+01:00,76.71,524,sell
2024-01-02 05:33:18+00:00,44.91,968,BUY
2024-01-02 00:22:03+00:00,64.55,467,buy
2024-01-02 21:56:57+00:00,87.57,1347,buy
2024-01-02 21:29:11+00:00,83.13,1443,sell
2024-01-02 11:52:07+01:00,66.25,1598,Buy
2024-01-02 11:43:17+01:00,35.22,NaN,BUY
2024-01-02 08:44:54+00:00,37.61,1713,sell
2024-01-02 14:05:00+00:00,47.55,1749,Buy
2024-01-02 08:41:46+00:00,87.9,739,BUY
2024-01-02 22:54:45+00:00,77.1,740,sell
2024-01-02 21:39:51+00:00,75.53,1007,SELL
2024-01-02 02:37:50+00:00,84.34,1876,Sell
2024-01-02 19:02:39+00:00,52.89,1249,buy
2024-01-02 04:38:04+00:00,90.82,621,BUY
2024-01-02 01:13:47+00:00,49.39,304,Sell
2024-01-02 17:59:58+00:00,78.98,1460,SELL
2024-01-02 05:15:08+00:00,27.86,596,Sell
2024-01-02 12:45:19+00:00,91.27,49175,Sell
2024-01-02 21:26:58+00:00,97.68,800,BUY
2024-01-02 14:05:38+00:00,52.4,1732,SELL
2024-01-02 18:17:40+00:00,78,797,SELL
2024-01-02 16:04:17+01:00,22.89,1443,sell
2024-01-02 15:43:41+00:00,61.11,654,sell
2024-01-02 21:13:08+01:00,57.47,511,BUY
2024-01-02 14:58:22+00:00,48.35,1029,Sell
2024-01-02 02:30:48+00:00,78.99,1326,buy
2024-01-02 21:51:32+00:00,66.26,873,Buy
2024-01-02 08:41:41+01:00,89.6,613,sell
2024-01-02 16:58:45+00:00,73.87,1435,buy
2024-01-02 14:32:38+00:00,42.87,908,sell
2024-01-02 03:56:11+01:00,70.77,107,Sell
2024-01-02 16:29:55+00:00,96.8,1013,BUY
2024-01-02 08:32:37+01:00,39.41,268,sell
2024-01-02 08:08:36+00:00,75.48,1379,BUY
2024-01-02 19:06:03+00:00,70.69,1671,SELL
2024-01-02 21:20:35+00:00,37.84,1274,buy
2024-01-02 12:46:47+00:00,24.12,73,Sell
2024-01-02 08:09:42+00:00,34.91,1989,SELL
2024-01-02 21:50:14+00:00,24.81,1374,Buy
2024-01-02 16:16:22+00:00,NaN,1467,sell
2024-01-02 03:45:05+00:00,37.86,1700,sell
2024-01-02 05:40:53+00:00,35.62,708,sell
2024-01-02 14:05:07+00:00,81.12,1847,Buy
2024-01-02 01:22:17+00:00,21.0,969,buy
2024-01-02 01:20:16+00:00,37.42,293,buy
2024-01-02 23:05:27+00:00,59.01,1572,BUY
2024-01-02 07:06:59+00:00,69.79,420,SELL
2024-01-02 23:10:29+00:00,57.31,1006,BUY
2024-01-02 02:17:34+00:00,39.36,961,BUY
2024-01-02 19:44:30+00:00,59.77,242,Buy
2024-01-02 15:54:50+01:00,39.88,490,SELL
2024-01-02 13:03:33+00:00,79.37,289,sell
2024-01-02 01:51:13+00:00,30.5,1061,BUY
2024-01-02 20:09:53+01:00,89.34,349,buy
2024-01-02 04:26:52+00:00,94.41,1214,Sell
2024-01-02 09:29:25+00:00,22.65,1578,buy
2024-01-02 00:14:51+00:00,92.28,419,Sell
2024-01-02 13:04:33+00:00,52.83,518,Sell
2024-01-02 08:02:13+00:00,2708.8,1383,Sell
2024-01-02 20:28:16+01:00,97.74,1404,sell
2024-01-02 19:52:22+00:00,92.33,1641,Sell
2024-01-02 00:34:18+00:00,88.49,974,Sell
2024-01-02 08:04:05+00:00,48.15,1631,BUY
2024-01-02 04:47:02+00:00,25.63,158,SELL
2024-01-02 21:27:18+00:00,2081.43,1647,Sell
2024-01-02 22:48:25+00:00,64.69,363,buy
2024-01-02 15:54:18+00:00,21.26,1402,SELL
2024-01-02 16:59:53+00:00,96.22,434,BUY
2024-01-02 13:42:43+00:00,97.89,936,sell
2024-01-02 07:36:16+00:00,52.85,700,Sell
2024-01-02 06:00:52+00:00,94.82,1060,BUY
2024-01-02 23:58:44+00:00,45.32,936,SELL
2024-01-02 02:54:39+00:00,54.92,457,BUY
2024-01-02 01:27:52+00:00,97.56,1207,SELL
2024-01-02 06:17:18+00:00,90.74,1086,Sell
2024-01-02 23:34:06+00:00,62.35,1153,Buy
2024-01-02 23:59:02+00:00,77.31,307,sell
2024-01-02 17:41:16+00:00,41.48,1339,Buy
2024-01-02 08:50:40+00:00,43.24,1797,Buy
2024-01-02 17:20:16+00:00,99.21,766,sell
2024-01-02 10:40:56+00:00,86.44,608,Buy
2024-01-02 20:14:16+00:00,44.14,,Sell
2024-01-02 08:58:56+00:00,48.89,1169,SELL
2024-01-02 07:38:11+01:00,74.24,931,BUY
2024-01-02 23:01:08+00:00,66.41,1916,SELL
2024-01-02 08:10:44+00:00,27.68,1987,buy
2024-01-02 01:35:40+00:00,36.81,1826,Sell
2024-01-02 10:21:49+00:00,99.25,563,Buy
2024-01-02 10:04:44+00:00,66.46,167,sell
2024-01-02 18:17:21+00:00,55.45,1678,SELL
2024-01-02 16:08:44+00:00,95.53,1718,sell
2024-01-02 10:52:39+00:00,53.25,1129,Buy
2024-01-02 00:08:52+01:00,33.97,1942,SELL
2024-01-02 19:26:32+01:00,85.55,554,Buy
2024-01-02 09:22:10+00:00,85.06,244,SELL
2024-01-02 04:02:45+00:00,42.91,1827,sell
2024-01-02 05:27:31+00:00,98.86,726,BUY
2024-01-02 01:55:14+00:00,29.72,118,Buy
2024-01-02 16:43:52+00:00,78.23,1026,buy
2024-01-02 08:47:54+00:00,45.02,1256,BUY
2024-01-02 06:19:47+00:00,30.83,155,SELL
2024-01-02 19:13:04+01:00,38.61,431,Buy
2024-01-02 12:57:24+00:00,73.81,1668,buy
2024-01-02 14:51:57+00:00,22.34,304,buy
2024-01-02 05:12:56+00:00,68.72,1506,Buy
2024-01-02 02:29:18+00:00,31.24,1163,sell
2024-01-02 06:56:49+00:00,76.19,723,Sell
2024-01-02 11:30:24+01:00,28.58,1941,buy
2024-01-02 03:59:56+00:00,60.35,219,BUY
2024-01-02 23:32:28+01:00,20.89,902,Sell
2024-01-02 08:26:57+01:00,63.06,525,Sell
2024-01-02 11:53:42+00:00,,1940,buy
2024-01-02 18:11:12+00:00,96.97,436,Sell
2024-01-02 11:28:58+00:00,30.57,217,Sell
2024-01-02 17:49:41+00:00,,1329,BUY
2024-01-02 11:20:34+00:00,28.59,1768,buy
2024-01-02 07:12:36+00:00,69.92,1232,buy
2024-01-02 08:15:40+00:00,34.1,702,Buy
2024-01-02 12:22:46+00:00,59.6,1783,Buy
2024-01-02 19:33:24+00:00,56.54,875,Sell
2024-01-02 15:50:06+01:00,47.26,1173,buy
2024-01-02 03:14:08+00:00,99.08,540,buy
2024-01-02 12:55:15+00:00,67.73,279,BUY
2024-01-02 15:56:52+00:00,28.53,1395,BUY
2024-01-02 07:14:45+00:00,21.03,510,BUY
2024-01-02 15:07:45+00:00,24.73,594,sell
2024-01-02 05:01:27+01:00,25.81,31532,sell
2024-01-02 16:22:48+00:00,55.57,891,Sell
2024-01-02 15:39:42+01:00,64.92,1939,Sell
2024-01-02 04:10:32+01:00,58.17,1488,BUY
2024-01-02 18:45:45+00:00,27.39,313,buy
2024-01-02 21:32:30+01:00,66.82,1931,SELL
2024-01-02 15:51:56+00:00,84.7,817,buy
2024-01-02 20:51:26+00:00,40.64,1394,SELL
2024-01-02 09:49:15+00:00,59.92,184,buy
2024-01-02 00:16:12+00:00,49.79,1570,buy
2024-01-02 13:04:26+00:00,80.66,1330,buy
2024-01-02 12:56:56+00:00,32.82,1648,SELL
2024-01-02 15:19:24+00:00,21.8,1844,SELL
2024-01-02 19:51:06+01:00,87.77,881,SELL
2024-01-02 03:16:05+01:00,26.27,849,BUY
2024-01-02 03:26:36+00:00,1689.52,172,sell
2024-01-02 03:20:41+00:00,83.26,711,Buy
2024-01-02 08:32:51+01:00,40.23,654,Buy
2024-01-02 07:13:48+01:00,55.21,1777,sell
2024-01-02 09:50:46+00:00,98.1,88,Buy
2024-01-02 22:59:27+01:00,71.84,762,Buy
2024-01-02 15:18:03+00:00,86.35,1510,sell
2024-01-02 18:55:16+00:00,23.13,761,buy
2024-01-02 08:00:54+00:00,71.19,1532,buy
2024-01-02 20:16:21+00:00,45.97,1961,Buy
2024-01-02 22:41:52+00:00,98.19,1141,BUY
2024-01-02 09:53:58+00:00,92.71,707,SELL
2024-01-02 10:46:45+00:00,45.79,680,BUY
2024-01-02 01:28:42+00:00,42.18,1869,Buy
2024-01-02 11:57:55+01:00,82.43,752,BUY
2024-01-02 17:11:49+00:00,22.55,1923,SELL
2024-01-02 07:55:07+00:00,75.46,1526,SELL
2024-01-02 20:21:42+01:00,36.69,1663,SELL
2024-01-02 22:48:51+00:00,72.48,1112,SELL
2024-01-02 11:51:57+00:00,65.47,1259,SELL
2024-01-02 06:25:35+00:00,36.11,623,sell
2024-01-02 06:07:06+00:00,51.63,957,buy
2024-01-02 03:42:37+00:00,97.17,687,Buy
2024-01-02 23:59:29+00:00,59.76,1599,sell
2024-01-02 10:41:51+00:00,83.93,1193,Buy
2024-01-02 10:06:22+00:00,36.22,1741,BUY
2024-01-02 16:51:58+01:00,30.89,1128,BUY
2024-01-02 09:23:04+01:00,98.46,1755,sell
2024-01-02 04:05:44+00:00,28.96,1209,BUY
2024-01-02 04:51:38+00:00,30.74,1034,BUY
2024-01-02 00:20:41+00:00,23.09,202,Sell
2024-01-02 14:08:11+00:00,87.74,1112,sell
2024-01-02 15:37:54+00:00,57.83,1878,buy
2024-01-02 18:59:11+00:00,83.25,1761,sell
2024-01-02 01:17:41+00:00,48.49,313,buy
2024-01-02 19:21:53+00:00,26.57,545,Sell
2024-01-02 20:18:25+01:00,35.48,728,Buy
2024-01-02 00:04:45+00:00,59.7,623,SELL
2024-01-02 03:42:02+00:00,79.11,345,Buy
2024-01-02 01:54:04+00:00,37.49,1067,BUY
2024-01-02 12:04:16+01:00,54.14,244,buy
2024-01-02 04:55:35+00:00,97.61,1755,sell
2024-01-02 02:42:45+00:00,41.84,908,buy
2024-01-02 07:36:41+00:00,28.55,327,sell
2024-01-02 03:29:57+00:00,46.37,1943,SELL
2024-01-02 21:54:01+00:00,22.51,1514,buy
2024-01-02 01:28:38+00:00,75.17,670,BUY
2024-01-02 07:29:33+00:00,92.37,1595,Sell
2024-01-02 13:14:45+01:00,,236,buy
2024-01-02 08:40:33+00:00,37.98,1537,sell
2024-01-02 00:34:17+00:00,79.07,715,Buy
2024-01-02 11:10:26+00:00,20.54,1068,BUY
2024-01-02 12:31:25+00:00,39.33,683,BUY
2024-01-02 07:32:15+00:00,50.31,117,sell
2024-01-02 22:42:18+00:00,25.36,,BUY
2024-01-02 14:10:57+00:00,2384.74,432,SELL
2024-01-02 23:18:42+00:00,97.63,1872,buy
2024-01-02 18:38:06+01:00,21.52,538,BUY
2024-01-02 23:53:19+00:00,46.39,1394,BUY
2024-01-02 07:19:04+00:00,45.99,385,buy
2024-01-02 19:19:38+00:00,24.85,866,Buy
2024-01-02 09:53:22+00:00,64.41,292,BUY
2024-01-02 00:45:40+00:00,45.52,1046,sell
2024-01-02 01:59:17+00:00,63.94,1261,BUY
2024-01-02 20:36:45+00:00,49.74,923,sell
2024-01-02 02:29:31+00:00,4883.99,856,BUY
2024-01-02 17:49:33+00:00,31.7,,SELL
2024-01-02 10:08:39+00:00,82.96,871,Sell
2024-01-02 01:47:01+01:00,26.25,156,SELL
2024-01-02 15:15:47+01:00,76.88,1921,sell
2024-01-02 08:33:47+00:00,38.22,343,sell
2024-01-02 06:27:14+00:00,49.03,1494,SELL
2024-01-02 13:57:09+01:00,47.18,NaN,Buy
2024-01-02 03:30:52+00:00,30.33,1264,BUY
2024-01-02 20:00:55+00:00,38.38,1214,BUY
2024-01-02 12:23:35+00:00,78.2,1174,Buy
2024-01-02 03:21:37+00:00,65.35,1951,buy
2024-01-02 02:40:52+00:00,22.18,NaN,Sell
2024-01-02 22:18:07+00:00,92.45,1855,BUY
2024-01-02 04:54:30+00:00,22.45,1376,sell
2024-01-02 02:34:56+00:00,92.75,1990,buy
2024-01-02 00:16:22+00:00,71.7,50,Sell
2024-01-02 00:03:01+00:00,53.77,1486,Sell
2024-01-02 21:35:23+00:00,83.3,1607,SELL
2024-01-02 09:43:31+00:00,81.53,1552,buy
2024-01-02 17:45:08+00:00,44.01,1129,Sell
2024-01-02 23:34:09+00:00,51.3,915,sell
2024-01-02 22:00:05+00:00,49.08,1115,buy
2024-01-02 14:50:53+00:00,21.69,1770,BUY
2024-01-02 17:14:30+00:00,58.02,1172,Sell
2024-01-02 23:55:25+00:00,69.91,1032,Sell
2024-01-02 20:14:24+00:00,60.58,1414,SELL
2024-01-02 12:25:36+00:00,21.45,1080,SELL
2024-01-02 08:35:25+00:00,85.07,478,buy
2024-01-02 23:42:57+00:00,29.9,1804,Buy
2024-01-02 02:40:27+00:00,26.25,1431,buy
2024-01-02 13:15:03+00:00,25.02,1118,Sell
2024-01-02 08:08:12+01:00,27.12,438,BUY
2024-01-02 01:53:06+00:00,50.25,899,BUY
2024-01-02 18:51:17+00:00,36.31,317,BUY
2024-01-02 13:16:29+00:00,38.86,1509,BUY
2024-01-02 04:28:14+00:00,74.65,1468,SELL
2024-01-02 22:05:57+00:00,23.04,1508,Buy
2024-01-02 14:52:26+00:00,,247,Buy
2024-01-02 19:59:45+00:00,76.76,1428,Buy
2024-01-02 06:39:03+00:00,82.34,1371,sell
2024-01-02 15:17:57+01:00,93.98,1274,BUY
2024-01-02 00:14:35+00:00,29.75,124,Sell
2024-01-02 16:24:42+00:00,66.22,115,BUY
2024-01-02 02:21:20+00:00,49.74,135,buy
2024-01-02 17:03:02+00:00,52.35,597,SELL
2024-01-02 13:05:17+00:00,44.72,767,Buy
2024-01-02 19:44:15+00:00,24.31,1204,Sell
2024-01-02 18:57:21+00:00,51.52,1706,sell
2024-01-02 17:29:18+00:00,56.91,465,buy
2024-01-02 00:23:16+00:00,83.02,1943,Sell
2024-01-02 15:51:59+01:00,91.29,1039,Buy
2024-01-02 08:06:36+00:00,99.95,1378,Buy
2024-01-02 13:55:11+00:00,95.18,1191,Buy
2024-01-02 15:28:43+00:00,31.54,1428,SELL
2024-01-02 15:52:01+00:00,46.37,1654,Sell
2024-01-02 10:01:29+01:00,51.37,54,SELL
2024-01-02 20:26:05+00:00,30.15,1344,SELL
2024-01-02 01:39:31+00:00,31.56,445,SELL
2024-01-02 14:12:41+00:00,20.09,1711,SELL
2024-01-02 00:44:11+00:00,97.2,934,sell
2024-01-02 10:24:01+01:00,99.94,304,SELL
2024-01-02 12:26:00+00:00,95.16,1749,BUY
2024-01-02 21:32:50+00:00,27.9,86,sell
2024-01-02 20:22:28+00:00,90.66,682,Sell
2024-01-02 16:06:59+00:00,43.77,1047,Buy
2024-01-02 21:58:24+00:00,74.29,305,sell
2024-01-02 06:46:26+00:00,49.14,735,sell
2024-01-02 07:57:41+00:00,48.89,497,BUY
2024-01-02 21:15:26+00:00,36.85,1285,buy
2024-01-02 06:34:43+00:00,76.03,881,BUY
2024-01-02 00:53:18+01:00,82.78,64,SELL
2024-01-02 19:11:34+00:00,67.68,1716,sell
2024-01-02 07:57:34+00:00,59.7,1135,Buy
2024-01-02 00:27:53+00:00,90.49,1718,Buy
2024-01-02 12:18:05+01:00,79.79,193,Sell
2024-01-02 07:33:31+00:00,87.12,446,Buy
2024-01-02 22:30:09+00:00,83.49,1241,sell
2024-01-02 07:13:52+00:00,81.86,1508,buy
2024-01-02 03:33:59+00:00,31.59,1454,sell
2024-01-02 15:29:03+00:00,48.57,1318,buy
2024-01-02 15:31:19+01:00,78.0,262,BUY
2024-01-02 16:55:09+00:00,53.72,686,SELL
2024-01-02 18:07:07+00:00,85.46,784,SELL
2024-01-02 13:59:55+00:00,79.73,1260,SELL
2024-01-02 18:52:13+01:00,2143.32,1854,SELL
2024-01-02 16:02:33+00:00,66.48,1948,BUY
2024-01-02 02:51:18+00:00,54.32,187,Sell
2024-01-02 19:36:07+01:00,85.78,1077,buy
2024-01-02 15:39:02+00:00,60.0,1314,Buy
2024-01-02 04:54:47+01:00,60.32,189,BUY
2024-01-02 18:42:38+00:00,58,227,buy
2024-01-02 04:17:19+00:00,82.46,1852,BUY
2024-01-02 23:26:31+00:00,90.9,1296,buy
2024-01-02 04:24:39+00:00,34.18,1058,SELL
2024-01-02 15:50:46+00:00,76.22,99,Buy
2024-01-02 20:29:49+00:00,96.02,637,Buy
2024-01-02 02:41:19+00:00,62.73,552,SELL
2024-01-02 08:55:20+00:00,60.71,1745,BUY
2024-01-02 08:27:24+00:00,34.88,764,sell
2024-01-02 01:53:11+00:00,93.98,83,BUY
2024-01-02 15:56:21+00:00,83.35,430,Buy
2024-01-02 19:55:08+01:00,21.46,1830,buy
2024-01-02 08:59:24+00:00,60.66,351,Buy
2024-01-02 23:13:35+00:00,70.79,1128,Sell
2024-01-02 18:33:31+00:00,41.34,1882,sell
2024-01-02 10:02:37+00:00,76.81,923,Buy
2024-01-02 08:57:13+00:00,81.35,1430,buy
2024-01-02 09:25:42+00:00,48.54,599,Buy
2024-01-02 13:08:20+00:00,94.34,1974,sell
2024-01-02 15:35:04+00:00,21.58,1050,SELL
2024-01-02 16:44:12+00:00,69.92,926,Buy
2024-01-02 00:14:04+00:00,99.82,802,Sell
2024-01-02 20:46:45+00:00,57.64,1243,sell
2024-01-02 00:40:07+00:00,70.04,135,sell
2024-01-02 20:51:51+00:00,32.14,1247,BUY
2024-01-02 15:05:45+00:00,85.78,1320,Buy
2024-01-02 19:53:06+00:00,52.57,833,BUY
2024-01-02 20:24:06+00:00,64.54,504,Buy
2024-01-02 18:59:55+00:00,NaN,1686,sell
2024-01-02 03:27:08+01:00,70.68,1633,buy
2024-01-02 06:12:38+00:00,59,1779,buy
2024-01-02 15:23:44+00:00,74.21,537,SELL
2024-01-02 07:31:33+01:00,75.17,183,Buy
2024-01-02 04:25:31+00:00,21.52,1361,sell
2024-01-02 23:16:05+00:00,80.45,182,Buy
2024-01-02 06:48:58+00:00,64.78,1184,sell
2024-01-02 13:22:31+00:00,21.2,1809,Sell
2024-01-02 13:19:36+00:00,28.44,1121,sell
2024-01-02 09:10:10+00:00,57.08,1695,sell
2024-01-02 09:26:32+00:00,22.66,500,Buy
2024-01-02 00:52:18+00:00,32.6,1349,Sell
2024-01-02 22:19:42+01:00,59.92,1449,SELL
2024-01-02 04:00:43+00:00,20.81,1349,Buy
2024-01-02 17:44:09+00:00,95.81,1344,Buy
2024-01-02 21:06:42+00:00,98.18,1042,Buy
2024-01-02 20:00:36+00:00,42.6,1237,Sell
2024-01-02 08:12:03+00:00,61.83,776,sell
2024-01-02 03:01:30+00:00,74.65,1339,Buy
2024-01-02 21:18:37+00:00,77.71,227,BUY
2024-01-02 09:22:46+00:00,62.9,1522,sell
2024-01-02 14:12:48+01:00,51.85,102,Buy
2024-01-02 02:22:00+01:00,75.32,327,Sell
2024-01-02 23:44:01+00:00,99.19,1073,sell
2024-01-02 06:46:34+01:00,61.79,921,BUY
2024-01-02 19:56:18+00:00,70.18,474,buy
2024-01-02 19:55:44+01:00,49.03,111,SELL
2024-01-02 06:27:29+01:00,53.5,1054,buy
2024-01-02 03:36:18+00:00,58.05,722,buy
2024-01-02 23:46:39+00:00,99.31,1562,Sell
2024-01-02 08:52:12+00:00,78.39,1453,buy
2024-01-02 14:37:43+00:00,47.23,1720,Sell
2024-01-02 06:52:39+00:00,21.43,696,Buy
2024-01-02 17:25:57+00:00,37.87,1288,BUY
2024-01-02 23:39:12+01:00,66.97,394,BUY
2024-01-02 21:24:04+00:00,31.89,1528,buy
2024-01-02 14:14:58+00:00,35.51,196,Sell
2024-01-02 17:26:20+00:00,91.03,860,SELL
2024-01-02 09:52:06+00:00,21.03,1248,sell
2024-01-02 01:32:20+01:00,44.45,1714,SELL
2024-01-02 00:18:15+00:00,86.29,1482,SELL
2024-01-02 09:03:41+00:00,94.33,430,buy
2024-01-02 10:57:32+00:00,75.59,132,SELL
2024-01-02 09:44:13+01:00,20.82,1105,BUY
2024-01-02 02:07:17+00:00,42.67,223,Buy
2024-01-02 10:59:36+00:00,67.77,1028,buy
2024-01-02 16:19:55+00:00,62.08,1609,Buy
2024-01-02 00:47:38+00:00,56.49,1552,Buy
2024-01-02 19:52:45+01:00,69.71,1651,Sell
2024-01-02 23:32:32+00:00,45.46,1198,Buy
2024-01-02 08:56:43+00:00,93.08,42556,SELL
2024-01-02 07:26:44+01:00,41.13,1415,Sell
2024-01-02 23:36:18+01:00,59.34,218,Sell
2024-01-02 01:09:41+00:00,25.6,521,buy
2024-01-02 01:23:50+00:00,95.18,1383,Buy
2024-01-02 19:22:20+00:00,74.72,908,buy
2024-01-02 03:55:38+00:00,28.5,1976,SELL
2024-01-02 07:31:39+00:00,52.65,1272,buy
2024-01-02 19:33:28+01:00,76.39,1493,Sell
2024-01-02 19:48:58+00:00,57.12,1637,BUY
2024-01-02 05:52:57+00:00,84.69,508,Buy
2024-01-02 19:26:36+00:00,65.44,402,Buy
2024-01-02 01:08:34+00:00,97.46,893,SELL
2024-01-02 02:53:36+00:00,30.62,112,SELL
2024-01-02 05:48:42+00:00,79.13,1697,sell
2024-01-02 02:54:56+01:00,38.34,626,Sell
2024-01-02 08:15:17+01:00,57.92,923,sell
2024-01-02 17:44:51+00:00,63.45,1072,BUY
2024-01-02 10:48:58+00:00,94.85,329,sell
2024-01-02 00:44:36+00:00,61.94,1605,buy
2024-01-02 12:33:25+00:00,33.14,810,SELL
2024-01-02 08:49:28+00:00,35.39,906,Buy
2024-01-02 02:05:48+00:00,85.32,829,buy
2024-01-02 10:08:21+00:00,67.28,1289,BUY
2024-01-02 07:25:15+01:00,41.64,405,SELL
2024-01-02 15:58:55+00:00,23.71,556,SELL
2024-01-02 03:42:44+00:00,45.14,NaN,SELL
2024-01-02 09:00:09+01:00,43.03,832,BUY
2024-01-02 20:23:43+00:00,22.03,350,SELL
2024-01-02 08:13:37+00:00,26.89,1076,BUY
2024-01-02 14:00:41+00:00,39.07,1282,buy
2024-01-02 06:11:01+00:00,34.44,1672,sell
2024-01-02 11:12:00+00:00,62.88,1899,Sell
2024-01-02 18:29:16+00:00,98.32,816,Buy
2024-01-02 15:05:48+01:00,43.08,760,buy
2024-01-02 13:37:47+00:00,48.95,1094,SELL
2024-01-02 06:45:08+00:00,94.56,687,Buy
2024-01-02 11:35:56+00:00,45.98,1422,sell
2024-01-02 17:59:40+00:00,55.01,1663,Buy
2024-01-02 00:30:06+01:00,80.93,529,SELL
2024-01-02 05:57:28+00:00,54.38,1215,Buy
2024-01-02 10:13:11+01:00,30.39,626,sell
2024-01-02 04:50:46+00:00,95.9,112,Sell
2024-01-02 01:27:04+00:00,51.02,1256,sell
2024-01-02 14:08:48+00:00,95.53,675,Sell
2024-01-02 00:31:48+00:00,78.37,370,Buy
2024-01-02 10:30:31+00:00,64.62,1337,BUY
2024-01-02 12:25:24+00:00,28.34,679,sell
2024-01-02 11:25:46+00:00,52.72,1643,buy
2024-01-02 17:56:46+00:00,41.43,1529,Buy
2024-01-02 15:01:01+01:00,54.48,1880,sell
2024-01-02 10:16:22+00:00,50.21,931,sell
2024-01-02 01:09:05+00:00,78.02,997,BUY
2024-01-02 22:44:55+00:00,43.04,875,SELL
2024-01-02 15:48:52+00:00,23.36,1117,buy
2024-01-02 16:25:40+00:00,57.99,845,sell
2024-01-02 22:46:20+01:00,80.98,1694,Buy
2024-01-02 12:56:01+01:00,41.28,,Buy
2024-01-02 15:40:18+00:00,99.84,791,BUY
2024-01-02 12:04:46+00:00,69.84,1259,SELL
2024-01-02 18:51:05+01:00,57.18,979,BUY
2024-01-02 11:47:46+00:00,36.92,502,SELL
2024-01-02 19:01:23+01:00,98.27,633,SELL
2024-01-02 01:09:11+00:00,53.28,1217,sell
2024-01-02 22:05:59+00:00,68.37,868,Buy
2024-01-02 00:05:10+00:00,52.91,582,BUY
2024-01-02 10:42:49+00:00,49.83,1992,BUY
2024-01-02 07:22:42+00:00,69.77,946,Sell
2024-01-02 10:10:15+01:00,77.24,983,Sell
2024-01-02 03:50:23+00:00,29.62,986,Buy
2024-01-02 16:39:06+00:00,87.79,172,buy
2024-01-02 19:41:19+00:00,29.76,579,buy
2024-01-02 21:55:21+01:00,62.81,,SELL
2024-01-02 22:05:26+00:00,76.61,1144,sell
2024-01-02 06:47:12+00:00,97.76,279,Buy
2024-01-02 11:29:59+00:00,69.19,1000,sell
2024-01-02 15:15:35+01:00,46.93,1090,SELL
2024-01-02 00:14:53+00:00,66.66,1274,SELL
2024-01-02 23:33:31+00:00,60.11,916,Buy
2024-01-02 12:22:23+00:00,20.58,270,Sell
2024-01-02 04:42:13+00:00,41.42,1895,Buy
2024-01-02 21:59:30+00:00,84.53,1136,SELL
2024-01-02 20:53:59+01:00,86.24,170,BUY
2024-01-02 08:19:24+00:00,91.46,40625,sell
2024-01-02 22:30:25+00:00,43.63,1862,BUY
2024-01-02 01:46:39+00:00,57.54,1298,buy
2024-01-02 04:09:30+01:00,58.28,917,Buy
2024-01-02 22:58:44+00:00,60.76,1291,Sell
2024-01-02 09:09:09+00:00,56.84,1014,SELL
2024-01-02 06:37:19+00:00,40.43,1457,buy
2024-01-02 22:11:15+00:00,98.29,1888,SELL
2024-01-02 11:13:12+01:00,93.35,1460,sell
2024-01-02 23:10:09+01:00,NaN,652,BUY
2024-01-02 14:16:26+00:00,81.59,645,SELL
2024-01-02 22:26:29+00:00,39.21,1475,BUY
2024-01-02 03:57:05+00:00,69.59,1340,SELL
2024-01-02 01:48:29+00:00,42.27,159,Sell
2024-01-02 08:05:01+00:00,33.48,1920,buy
2024-01-02 12:30:05+01:00,57.19,1445,Sell
2024-01-02 20:28:40+00:00,49.28,1044,Buy
2024-01-02 11:42:36+01:00,NaN,1101,Buy
2024-01-02 18:06:28+01:00,65.33,779,Sell
2024-01-02 15:30:22+00:00,28.05,1160,buy
2024-01-02 05:36:26+00:00,74.45,1558,buy
2024-01-02 11:28:06+00:00,87.84,1282,Buy
2024-01-02 10:01:54+00:00,88.38,1873,BUY
2024-01-02 16:21:51+00:00,83.23,1856,BUY
2024-01-02 03:56:59+00:00,87.73,1374,sell
2024-01-02 13:34:10+00:00,NaN,1895,Sell
2024-01-02 17:38:50+00:00,76.76,759,Buy
2024-01-02 17:05:13+01:00,49.07,756,buy
2024-01-02 15:53:02+00:00,94.59,1726,Buy
2024-01-02 15:56:35+00:00,97.93,1388,sell
2024-01-02 20:05:52+00:00,91.83,515,sell
2024-01-02 20:01:38+01:00,39.66,30522,sell
2024-01-02 22:05:48+00:00,21.6,1394,Buy
2024-01-02 16:48:58+00:00,41.12,1128,Buy
2024-01-02 23:08:15+00:00,50.95,1804,Buy
2024-01-02 23:56:57+00:00,74.09,436,Buy
2024-01-02 13:43:23+00:00,30.32,355,BUY
2024-01-02 06:25:47+00:00,,1356,SELL
2024-01-02 16:42:14+00:00,91,542,SELL
2024-01-02 14:18:48+01:00,75.27,1887,Buy
2024-01-02 13:46:27+00:00,91.27,NaN,Buy
2024-01-02 03:57:33+00:00,79.98,1695,SELL
2024-01-02 22:14:17+00:00,78,456,Sell
2024-01-02 15:13:12+00:00,83.42,43324,Buy
2024-01-02 11:48:00+00:00,77.27,209,Sell
2024-01-02 18:45:57+00:00,46.62,1925,Buy
2024-01-02 11:19:20+00:00,37.52,1121,Buy
2024-01-02 22:51:13+01:00,81.57,984,sell
2024-01-02 22:25:33+01:00,96.27,234,BUY
2024-01-02 10:48:11+01:00,58.92,239,buy
2024-01-02 13:21:27+00:00,91.99,718,Buy
2024-01-02 08:11:32+00:00,78.51,1303,Sell
2024-01-02 15:25:24+00:00,31.08,1856,Sell
2024-01-02 05:56:36+00:00,54.87,1707,SELL
2024-01-02 14:26:54+00:00,31.66,1891,sell
2024-01-02 22:03:48+01:00,37.5,1468,buy
2024-01-02 15:22:54+00:00,46.02,1689,SELL
2024-01-02 13:46:12+01:00,44.84,919,BUY
2024-01-02 09:25:33+00:00,52.59,316,SELL
2024-01-02 12:50:14+00:00,41.84,598,SELL
2024-01-02 06:27:11+00:00,90.55,855,Buy
2024-01-02 23:50:29+01:00,50.16,179,Buy
2024-01-02 14:32:03+00:00,68.53,868,BUY
2024-01-02 14:25:27+00:00,72.15,1506,sell
2024-01-02 16:52:34+00:00,59.77,1163,sell
2024-01-02 23:28:20+00:00,89.66,1643,BUY
2024-01-02 09:16:56+00:00,61.83,781,SELL
2024-01-02 17:03:43+00:00,99.92,548,buy
2024-01-02 15:24:09+00:00,81.36,1324,SELL
2024-01-02 17:35:13+01:00,33.98,1792,Buy
2024-01-02 22:27:58+00:00,33.62,1823,BUY
2024-01-02 10:41:28+00:00,31.83,1776,SELL
2024-01-02 00:54:41+00:00,68.55,396,Buy
2024-01-02 12:51:19+00:00,55,1633,BUY
2024-01-02 22:49:16+00:00,71.43,197,BUY
2024-01-02 23:54:49+00:00,80.97,1245,BUY
2024-01-02 01:05:47+00:00,20.71,1500,Buy
2024-01-02 12:25:37+00:00,20.57,1765,buy
2024-01-02 05:14:59+00:00,59.38,1774,Sell
2024-01-02 16:00:03+00:00,NaN,710,sell
2024-01-02 04:51:09+00:00,45.86,207,Sell
2024-01-02 14:52:54+00:00,52.69,426,sell
2024-01-02 16:24:26+01:00,72.98,1066,buy
2024-01-02 22:59:31+00:00,97.46,1067,buy
2024-01-02 16:47:22+01:00,50.2,734,SELL
2024-01-02 10:41:37+00:00,55.65,1845,BUY
2024-01-02 02:30:50+00:00,91.6,1504,BUY
2024-01-02 09:16:52+00:00,23.2,224,Sell
2024-01-02 19:09:22+00:00,84.17,710,Buy
2024-01-02 10:10:42+01:00,80.66,154,buy
2024-01-02 19:23:50+00:00,87.92,750,BUY
2024-01-02 21:26:05+00:00,88.14,1647,buy
2024-01-02 18:07:08+00:00,92.92,1112,Sell
2024-01-02 17:15:21+00:00,22.55,1894,buy
2024-01-02 05:14:36+01:00,34.64,957,SELL
2024-01-02 10:26:12+00:00,98.42,1541,BUY
2024-01-02 15:00:42+00:00,56.48,864,buy
2024-01-02 18:43:53+01:00,46.32,500,Buy
2024-01-02 15:19:48+01:00,58.05,1182,buy
2024-01-02 03:00:03+00:00,99.92,1046,SELL
2024-01-02 18:46:20+01:00,82.89,1357,Sell
2024-01-02 05:31:41+00:00,21.33,1732,Buy
2024-01-02 05:32:03+00:00,72.93,1247,sell
2024-01-02 04:57:04+00:00,88.7,1614,sell
2024-01-02 10:24:35+00:00,73,770,buy
2024-01-02 22:47:47+01:00,93.24,1852,Sell
2024-01-02 05:01:04+00:00,55.02,1792,SELL
2024-01-02 14:12:44+00:00,96.68,1767,SELL
2024-01-02 23:13:18+00:00,84.08,981,buy
2024-01-02 22:41:15+01:00,95.99,464,Sell
2024-01-02 04:05:44+00:00,42.4,1989,sell
2024-01-02 01:27:24+01:00,57.5,1292,SELL
2024-01-02 16:40:19+01:00,40.86,1824,Buy
2024-01-02 11:44:07+01:00,71.77,616,Sell
2024-01-02 17:28:52+00:00,60.4,1089,Buy
2024-01-02 18:42:26+00:00,63.22,419,BUY
2024-01-02 01:57:35+00:00,31.22,1492,Sell
2024-01-02 04:55:08+00:00,79.93,760,buy
2024-01-02 15:45:28+00:00,92.65,196,BUY
2024-01-02 23:24:20+00:00,28.74,,buy
2024-01-02 18:39:25+00:00,99.14,1780,sell
2024-01-02 10:03:19+00:00,36.23,813,Sell
2024-01-02 03:01:49+00:00,83.45,1379,Sell
2024-01-02 09:14:04+01:00,51.64,1202,Sell
2024-01-02 09:12:43+00:00,99.8,782,Buy
2024-01-02 20:42:36+00:00,44.98,1775,buy
2024-01-02 19:12:32+01:00,40.36,1438,sell
2024-01-02 04:24:22+00:00,57.7,1228,SELL
2024-01-02 01:02:29+00:00,45.82,404,buy
2024-01-02 03:01:55+00:00,49.99,1917,Sell
2024-01-02 08:53:36+00:00,56.79,1096,SELL
2024-01-02 01:12:10+00:00,96.85,1157,buy
2024-01-02 11:12:52+01:00,58.6,869,Buy
2024-01-02 00:25:18+00:00,75.55,1082,buy
2024-01-02 07:15:20+00:00,,1182,Sell
2024-01-02 13:13:56+00:00,69.12,807,SELL
2024-01-02 21:10:23+00:00,53.37,1005,Sell
2024-01-02 18:33:20+00:00,94.9,1026,Sell
2024-01-02 17:14:54+01:00,68.97,556,SELL
2024-01-02 21:16:55+00:00,21.73,1670,buy
2024-01-02 14:41:44+00:00,65.21,139,BUY
2024-01-02 14:31:50+00:00,78.97,1489,sell
2024-01-02 14:13:08+00:00,80.1,404,sell
2024-01-02 18:27:33+00:00,42.94,846,Buy
2024-01-02 20:23:24+00:00,50.77,885,sell
2024-01-02 17:16:28+01:00,28.28,413,BUY
2024-01-02 11:27:52+00:00,61.77,542,Sell
2024-01-02 21:26:10+00:00,38.96,1375,SELL
2024-01-02 00:27:38+00:00,38.06,1045,buy
2024-01-02 21:39:01+00:00,65.92,1131,buy
2024-01-02 05:42:55+00:00,26.82,841,sell
2024-01-02 08:22:48+00:00,38.95,611,sell
2024-01-02 07:17:58+01:00,60.63,1863,Sell
2024-01-02 15:03:44+00:00,79.06,764,SELL
2024-01-02 17:11:52+00:00,37.77,440,Buy
2024-01-02 21:44:35+00:00,55.21,1633,sell
2024-01-02 15:38:42+00:00,94.28,177,buy
2024-01-02 00:09:33+00:00,58.91,1407,Buy
2024-01-02 19:45:49+00:00,20.26,330,SELL
2024-01-02 12:06:19+00:00,31.2,847,sell
2024-01-02 21:27:10+00:00,79.3,808,BUY
2024-01-02 19:37:52+00:00,28.63,86,Sell
2024-01-02 11:26:18+00:00,96.53,132,sell
2024-01-02 10:54:59+00:00,43.98,1490,BUY
2024-01-02 19:02:56+00:00,86.8,490,BUY
2024-01-02 09:17:01+00:00,65.92,354,Buy
2024-01-02 22:47:11+00:00,39.68,230,sell
2024-01-02 10:20:25+00:00,37.93,751,buy
2024-01-02 09:54:28+00:00,55.21,878,Sell
2024-01-02 11:39:13+00:00,47.27,1562,Buy
2024-01-02 07:54:50+00:00,31.09,230,Buy
2024-01-02 22:57:26+00:00,68.89,891,BUY
2024-01-02 05:58:58+00:00,37.26,1923,sell
2024-01-02 08:38:44+01:00,59.6,1374,Sell
2024-01-02 18:48:05+00:00,70.74,1923,Sell
2024-01-02 22:47:19+00:00,48.24,201,sell
2024-01-02 18:56:05+00:00,63.82,NaN,sell
2024-01-02 14:15:10+00:00,44.27,1911,SELL
2024-01-02 21:22:28+01:00,28.12,1146,BUY
2024-01-02 23:06:47+00:00,24.93,148,SELL
2024-01-02 20:58:48+01:00,87.22,162,SELL
2024-01-02 01:41:42+00:00,90.88,1786,sell
2024-01-02 10:01:27+01:00,59.03,707,sell
2024-01-02 23:49:02+00:00,48.06,1515,buy
2024-01-02 13:22:43+00:00,50.55,1841,buy
2024-01-02 18:09:39+00:00,97.88,99,Buy
2024-01-02 21:07:29+01:00,77.36,120,buy
2024-01-02 18:53:42+00:00,86.22,328,Sell
2024-01-02 18:52:51+00:00,68.85,557,Sell
2024-01-02 03:24:20+00:00,20.68,1062,sell
2024-01-02 03:55:40+00:00,99.58,1327,Buy
2024-01-02 08:33:43+01:00,49.64,776,sell
2024-01-02 15:39:02+01:00,60.83,139,Sell
2024-01-02 19:20:57+01:00,90.17,860,Buy
2024-01-02 07:58:13+01:00,93.86,629,Sell
2024-01-02 17:38:55+00:00,79.9,1877,BUY
2024-01-02 23:24:46+00:00,59.25,975,sell
2024-01-02 05:02:55+00:00,69.61,1730,buy
2024-01-02 06:31:44+01:00,65.22,313,Buy
2024-01-02 04:19:12+00:00,4511.58,1433,SELL
2024-01-02 21:44:34+00:00,69.09,276,SELL
2024-01-02 16:16:36+00:00,27.25,1373,SELL
2024-01-02 22:06:03+00:00,26.93,1666,buy
2024-01-02 08:02:45+01:00,81.17,359,SELL
2024-01-02 18:10:24+00:00,42.26,1746,BUY
2024-01-02 11:10:36+01:00,86.07,785,sell
2024-01-02 03:11:51+00:00,28.97,1929,Sell
2024-01-02 23:38:35+00:00,32.63,1629,sell
2024-01-02 09:41:46+00:00,90.33,693,SELL
2024-01-02 05:07:04+00:00,55.07,524,sell
2024-01-02 04:44:28+01:00,81.52,363,BUY
2024-01-02 08:22:17+00:00,85.54,404,Buy
2024-01-02 11:47:39+00:00,31,1687,buy
2024-01-02 00:45:07+01:00,,526,buy
2024-01-02 02:53:10+01:00,72.71,571,BUY
2024-01-02 15:05:06+00:00,46.67,872,BUY
2024-01-02 22:46:07+00:00,86.47,1702,SELL
2024-01-02 05:27:20+00:00,25.01,1922,sell
2024-01-02 06:38:38+01:00,24.21,62,Sell
2024-01-02 16:47:47+00:00,65.76,832,SELL
2024-01-02 08:39:14+00:00,47.83,1943,buy
2024-01-02 18:50:47+00:00,77.86,1657,BUY
2024-01-02 19:28:05+00:00,58.44,611,SELL
2024-01-02 21:32:41+00:00,37.48,1980,Sell
2024-01-02 09:11:29+00:00,84.77,780,Sell
2024-01-02 14:25:46+00:00,23.15,543,Buy
2024-01-02 05:34:55+01:00,54.04,1293,buy
2024-01-02 03:48:23+01:00,57.42,792,SELL
2024-01-02 05:53:05+01:00,58.48,1825,Buy
2024-01-02 04:09:59+01:00,27.67,886,buy
2024-01-02 20:24:59+00:00,90.61,422,buy
2024-01-02 19:59:50+01:00,92.42,995,BUY
2024-01-02 00:06:55+00:00,69.62,1330,sell
2024-01-02 18:50:54+00:00,82.42,698,Buy
2024-01-02 09:14:53+00:00,83.84,156,buy
2024-01-02 18:25:46+00:00,26.52,325,Sell
2024-01-02 06:56:56+00:00,47.41,840,sell
2024-01-02 21:40:22+00:00,23.25,396,BUY
2024-01-02 19:15:52+00:00,52.56,597,SELL
2024-01-02 06:21:58+00:00,41.18,785,BUY
2024-01-02 13:15:19+00:00,92.98,744,SELL
2024-01-02 11:44:56+01:00,76.7,357,buy
2024-01-02 20:58:22+00:00,33.34,1297,sell
2024-01-02 18:46:51+00:00,35.43,1942,Buy
2024-01-02 21:53:46+00:00,1874.27,637,BUY
2024-01-02 23:47:09+01:00,87.69,1776,BUY
2024-01-02 08:11:50+00:00,46.7,821,Sell
2024-01-02 00:53:47+00:00,89.5,1196,buy
2024-01-02 06:15:36+00:00,42.39,913,Buy
2024-01-02 03:54:00+00:00,45.74,1610,buy
2024-01-02 14:40:44+00:00,24.82,1278,Buy
2024-01-02 14:56:04+00:00,22.06,618,Buy
2024-01-02 23:37:41+00:00,91.28,766,buy
2024-01-02 07:47:14+00:00,37.54,1993,buy
2024-01-02 18:34:25+01:00,,702,Buy
2024-01-02 05:26:20+00:00,67.2,1768,BUY
2024-01-02 21:04:06+00:00,68.74,,Buy
2024-01-02 20:49:45+00:00,53.78,661,Buy
2024-01-02 20:48:53+01:00,38.96,890,buy
2024-01-02 23:22:42+01:00,21.13,467,sell
2024-01-02 08:31:57+00:00,33.39,743,Sell
2024-01-02 02:28:27+00:00,68.64,79,Sell
2024-01-02 02:18:51+00:00,94.5,827,BUY
2024-01-02 01:49:07+00:00,76.52,1084,Buy
2024-01-02 09:59:42+00:00,61.15,1759,Sell
2024-01-02 06:36:56+00:00,73.42,1879,Sell
2024-01-02 07:40:12+01:00,84.34,218,sell
2024-01-02 04:34:58+00:00,60.46,1205,Sell
2024-01-02 13:06:14+00:00,86.68,1753,BUY
2024-01-02 07:15:29+00:00,56.57,119,Sell
2024-01-02 20:43:04+00:00,92.34,388,BUY
2024-01-02 05:15:13+00:00,90.35,1859,Sell
2024-01-02 19:12:03+01:00,21.56,968,Sell
2024-01-02 18:24:38+00:00,49.23,180,BUY
2024-01-02 00:09:12+00:00,97.68,1640,Buy
2024-01-02 10:08:09+00:00,3085.83,233,Buy
2024-01-02 19:26:28+00:00,63.56,1427,SELL
2024-01-02 19:31:05+00:00,79.14,1613,Buy
2024-01-02 17:18:24+00:00,39.78,950,buy
2024-01-02 18:31:49+00:00,23.77,1308,buy
2024-01-02 00:43:50+00:00,73.31,274,sell
2024-01-02 08:15:30+01:00,76.31,240,Buy
2024-01-02 20:05:16+01:00,56.58,562,Buy
2024-01-02 21:09:40+00:00,71.21,528,sell
2024-01-02 19:48:39+01:00,61.6,1470,buy
2024-01-02 14:20:02+00:00,57.09,454,sell
2024-01-02 07:03:06+01:00,87.36,1105,Sell
2024-01-03 12:41:36+00:00,90.35,766,Buy
2024-01-03 13:55:45+01:00,66.5,265,Sell
2024-01-03 23:34:08+00:00,70.96,1347,buy
2024-01-03 07:17:39+01:00,59.27,903,sell
2024-01-03 11:50:31+01:00,60.21,1560,Buy
2024-01-03 10:29:42+00:00,59.28,463,sell
2024-01-03 13:09:08+01:00,49,1198,buy
2024-01-03 08:56:48+00:00,27.56,167,SELL
2024-01-03 23:46:20+00:00,53.28,453,buy
2024-01-03 19:25:25+00:00,28.98,1457,buy
2024-01-03 15:37:05+00:00,93.14,880,sell
2024-01-03 09:50:45+00:00,88.6,1138,Sell
2024-01-03 21:55:12+00:00,33.54,1008,sell
2024-01-03 06:16:07+00:00,71.79,887,sell
2024-01-03 16:02:41+00:00,82.15,324,Sell
2024-01-03 17:25:06+00:00,31.08,1076,Sell
2024-01-03 17:06:52+01:00,33.63,483,BUY
2024-01-03 22:17:40+00:00,,960,Buy
2024-01-03 06:38:48+01:00,79.27,1643,sell
2024-01-03 20:04:38+01:00,33.05,1591,SELL
2024-01-03 15:17:37+00:00,33.55,544,Sell
2024-01-03 11:11:52+00:00,68.54,1510,Buy
2024-01-03 10:27:49+00:00,44.69,32962,Buy
2024-01-03 22:16:10+00:00,NaN,636,Buy
2024-01-03 03:00:11+00:00,57.32,1550,Buy
2024-01-03 19:53:15+00:00,81.0,1762,Buy
2024-01-03 08:49:19+00:00,96.05,704,buy
2024-01-03 09:37:11+01:00,80.17,950,BUY
2024-01-03 17:46:00+00:00,87.05,1234,buy
2024-01-03 08:25:08+00:00,95.44,1059,BUY
2024-01-03 08:21:10+00:00,22.92,1658,SELL
2024-01-03 15:13:14+00:00,37.51,957,sell
2024-01-03 07:07:42+00:00,84.12,1888,Buy
2024-01-03 07:27:18+00:00,60.36,1068,BUY
2024-01-03 04:51:58+00:00,38.65,856,buy
2024-01-03 01:54:26+00:00,39.61,581,BUY
2024-01-03 10:53:31+00:00,95.76,278,Sell
2024-01-03 16:51:33+00:00,83.65,95,Sell
2024-01-03 14:09:39+01:00,38.66,191,buy
2024-01-03 05:19:23+00:00,31.94,1140,Buy
2024-01-03 02:14:33+00:00,83.38,250,Buy
2024-01-03 13:30:52+00:00,60.27,606,sell
2024-01-03 04:59:12+00:00,39.94,1269,Buy
2024-01-03 13:40:47+00:00,74.27,663,Buy
2024-01-03 18:44:14+00:00,71.97,286,buy
2024-01-03 15:17:10+00:00,95.15,1342,buy
2024-01-03 02:30:07+00:00,28.37,1292,Sell
2024-01-03 18:26:56+00:00,77.85,74,Buy
2024-01-03 13:48:53+00:00,69.51,586,Buy
2024-01-03 19:26:20+00:00,50.78,1435,Buy
2024-01-03 18:03:39+00:00,71.62,546,BUY
2024-01-03 08:19:22+00:00,NaN,60,sell
2024-01-03 13:08:41+01:00,20.48,576,BUY
2024-01-03 19:40:44+01:00,99.84,679,BUY
2024-01-03 16:44:02+00:00,35.89,1675,sell
2024-01-03 17:17:13+00:00,89.96,1639,Sell
2024-01-03 09:35:27+00:00,51.07,1809,sell
2024-01-03 22:52:32+01:00,25.82,487,Buy
2024-01-03 03:18:38+01:00,75.16,346,SELL
2024-01-03 12:11:02+00:00,NaN,1586,Sell
2024-01-03 14:43:56+00:00,64.98,1903,BUY
2024-01-03 19:09:42+00:00,52.49,1193,Sell
2024-01-03 04:12:05+01:00,67.52,993,Sell
2024-01-03 06:00:31+00:00,36.34,1988,sell
2024-01-03 07:50:05+00:00,31.96,16130,Sell
2024-01-03 10:06:50+00:00,42.02,887,BUY
2024-01-03 01:53:40+01:00,85.59,572,sell
2024-01-03 19:12:45+00:00,60.5,327,BUY
2024-01-03 10:34:09+00:00,36.34,883,Sell
2024-01-03 19:31:40+00:00,39.87,1023,Sell
2024-01-03 01:40:26+00:00,81.03,1252,buy
2024-01-03 05:47:33+00:00,33.92,1712,Sell
2024-01-03 01:42:50+01:00,90.46,1023,SELL
2024-01-03 17:00:03+01:00,45.57,552,buy
2024-01-03 22:53:37+01:00,71.45,1303,sell
2024-01-03 13:17:02+00:00,62.63,581,SELL
2024-01-03 23:36:27+00:00,31.07,145,BUY
2024-01-03 23:56:29+01:00,47.68,1884,Sell
2024-01-03 14:02:51+00:00,80.22,1203,buy
2024-01-03 16:07:19+00:00,75,530,Sell
2024-01-03 06:57:47+00:00,49.39,1916,sell
2024-01-03 14:32:38+00:00,1295.63,138,BUY
2024-01-03 21:24:06+00:00,83.76,522,Sell
2024-01-03 15:30:11+00:00,43.5,978,Sell
2024-01-03 11:06:46+00:00,24.0,112,Sell
2024-01-03 17:10:39+00:00,32.8,1204,buy
2024-01-03 01:03:39+00:00,42.63,365,Sell
2024-01-03 11:11:53+00:00,68.35,504,Sell
2024-01-03 18:17:16+00:00,44.85,164,buy
2024-01-03 13:48:07+00:00,84.46,50,SELL
2024-01-03 04:02:32+00:00,63.13,21571,buy
2024-01-03 14:09:44+00:00,82.89,1269,sell
2024-01-03 22:15:04+00:00,72.7,1807,SELL
2024-01-03 12:41:32+00:00,21.94,155,Buy
2024-01-03 00:18:30+00:00,69.41,1236,buy
2024-01-03 10:34:38+00:00,29.57,772,Buy
2024-01-03 00:55:31+00:00,39.9,1499,Buy
2024-01-03 03:51:09+00:00,55.14,855,buy
2024-01-03 06:23:49+00:00,84.72,1632,Sell
2024-01-03 03:12:58+00:00,40.52,153,sell
2024-01-03 01:25:23+00:00,42.2,433,buy
2024-01-03 14:02:19+00:00,91.38,1780,BUY
2024-01-03 02:07:39+01:00,67.72,775,BUY
2024-01-03 23:08:57+00:00,64.71,119,SELL
2024-01-03 08:34:25+00:00,67.37,1447,sell
2024-01-03 09:01:24+00:00,73.43,1813,SELL
2024-01-03 23:46:18+00:00,97.4,1394,sell
2024-01-03 21:35:56+00:00,27.32,837,buy
2024-01-03 02:33:48+01:00,81.45,905,BUY
2024-01-03 22:24:26+01:00,91.55,638,Buy
2024-01-03 05:26:41+00:00,97.03,1953,Sell
2024-01-03 22:26:34+01:00,80.88,98,Sell
2024-01-03 12:18:59+01:00,40.03,945,SELL
2024-01-03 10:12:10+00:00,65.59,263,Buy
2024-01-03 03:37:29+00:00,45.78,389,Buy
2024-01-03 13:01:40+01:00,90.47,1960,BUY
2024-01-03 02:22:05+00:00,22.92,,Sell
2024-01-03 03:52:24+00:00,34.63,694,Buy
2024-01-03 05:03:15+00:00,54.69,1791,Sell
2024-01-03 14:10:51+00:00,27.03,536,Sell
2024-01-03 01:20:48+00:00,92.61,1571,SELL
2024-01-03 02:49:07+00:00,98.52,802,buy
2024-01-03 15:27:19+00:00,51.23,174,SELL
2024-01-03 14:32:07+01:00,95.51,1584,Buy
2024-01-03 09:51:04+00:00,66.0,964,sell
2024-01-03 09:58:10+01:00,51.0,1042,buy
2024-01-03 18:24:30+00:00,92.02,57,Sell
2024-01-03 15:31:45+00:00,64.25,944,Buy
2024-01-03 18:23:44+01:00,73.78,398,SELL
2024-01-03 22:28:57+00:00,89.33,1793,sell
2024-01-03 18:33:13+00:00,93.67,1803,Buy
2024-01-03 10:57:11+01:00,69.44,1786,Sell
2024-01-03 20:41:26+01:00,99.94,1579,SELL
2024-01-03 13:06:06+00:00,43.12,333,Sell
2024-01-03 08:05:50+00:00,96.55,1620,Buy
2024-01-03 09:48:02+01:00,83.09,1975,BUY
2024-01-03 20:12:13+00:00,82.88,255,BUY
2024-01-03 19:41:59+00:00,97.07,476,Sell
2024-01-03 10:03:03+00:00,80,920,Sell
2024-01-03 08:48:30+00:00,78.0,1620,Sell
2024-01-03 02:49:17+00:00,23.13,1949,BUY
2024-01-03 18:38:06+00:00,85.16,1662,BUY
2024-01-03 22:42:59+01:00,48.64,131,SELL
2024-01-03 22:19:32+00:00,43.37,1342,BUY
2024-01-03 19:58:39+00:00,31.3,1092,BUY
2024-01-03 01:02:12+00:00,88.56,1209,sell
2024-01-03 13:43:38+00:00,78.14,1849,sell
2024-01-03 04:25:20+00:00,38.48,209,Buy
2024-01-03 15:16:04+00:00,39.33,1348,sell
2024-01-03 05:38:15+00:00,35.83,1330,Buy
2024-01-03 17:06:06+00:00,92.81,1153,BUY
2024-01-03 09:28:15+00:00,60.48,760,buy
2024-01-03 13:16:40+00:00,93.16,1277,sell
2024-01-03 00:02:00+00:00,79.1,967,buy
2024-01-03 07:47:05+00:00,83.03,1502,BUY
2024-01-03 19:46:31+00:00,72.82,1075,sell
2024-01-03 21:49:51+00:00,24.44,1501,Sell
2024-01-03 23:25:22+00:00,99.54,345,Buy
2024-01-03 14:51:44+01:00,62.99,1372,sell
2024-01-03 04:52:33+00:00,49.8,46292,Buy
2024-01-03 16:47:22+00:00,42,1812,Buy
2024-01-03 21:42:46+00:00,74.4,1751,SELL
2024-01-03 01:20:48+00:00,59.4,754,Sell
2024-01-03 15:56:31+00:00,73.64,1105,SELL
2024-01-03 17:02:58+00:00,28.29,1085,Sell
2024-01-03 13:18:27+00:00,38.76,1077,buy
2024-01-03 18:36:23+01:00,86.07,1000,BUY
2024-01-03 02:23:39+00:00,71.39,98,sell
2024-01-03 11:54:16+00:00,99.6,513,BUY
2024-01-03 15:29:47+00:00,22.33,1258,sell
2024-01-03 04:37:48+01:00,40.35,1521,Buy
2024-01-03 15:06:44+01:00,87.24,571,sell
2024-01-03 06:00:52+00:00,35.04,1082,Buy
2024-01-03 21:06:25+00:00,92.86,1660,Sell
2024-01-03 05:12:31+00:00,74.58,860,SELL
2024-01-03 10:33:24+00:00,79.86,1074,buy
2024-01-03 05:38:55+00:00,94.28,1119,SELL
2024-01-03 04:13:04+01:00,NaN,1045,Buy
2024-01-03 07:41:53+00:00,37.06,134,sell
2024-01-03 06:46:21+00:00,64.41,23650,buy
2024-01-03 08:47:19+00:00,59.47,824,sell
2024-01-03 12:06:40+00:00,26.93,348,sell
2024-01-03 21:10:16+00:00,42.22,1296,Sell
2024-01-03 06:45:32+00:00,48.07,1945,Buy
2024-01-03 16:38:13+00:00,23.36,1883,Buy
2024-01-03 08:03:26+00:00,88.5,529,BUY
2024-01-03 12:57:28+00:00,89.19,1887,buy
2024-01-03 17:24:39+00:00,91.37,862,sell
2024-01-03 09:47:21+00:00,23.16,1127,SELL
2024-01-03 08:30:39+00:00,94.08,555,SELL
2024-01-03 12:01:29+00:00,29.07,1028,sell
2024-01-03 03:10:26+00:00,68.1,1435,BUY
2024-01-03 10:15:28+00:00,48.45,920,Buy
2024-01-03 15:39:45+00:00,56.0,1209,Sell
2024-01-03 17:04:41+00:00,58.05,423,BUY
2024-01-03 06:56:57+00:00,25.18,561,sell
2024-01-03 21:20:38+00:00,35.76,1461,SELL
2024-01-03 11:26:01+00:00,81.04,936,sell
2024-01-03 05:11:21+00:00,28.48,725,buy
2024-01-03 09:50:18+00:00,23.98,1698,buy
2024-01-03 06:53:38+00:00,48.24,99,Buy
2024-01-03 22:56:34+01:00,83.76,321,buy
2024-01-03 02:55:47+00:00,30.64,1471,SELL
2024-01-03 11:56:34+00:00,NaN,1999,Buy
2024-01-03 02:40:25+00:00,31.83,1343,buy
2024-01-03 02:01:18+00:00,92.41,1847,Buy
2024-01-03 03:51:29+00:00,,1045,buy
2024-01-03 22:25:17+01:00,81.91,909,buy
2024-01-03 00:09:38+00:00,54.5,1958,SELL
2024-01-03 18:28:12+01:00,49.93,1519,SELL
2024-01-03 02:28:03+00:00,92.57,,Sell
2024-01-03 09:28:11+01:00,66.33,222,buy
2024-01-03 12:08:18+00:00,90.41,799,sell
2024-01-03 09:05:42+00:00,81.14,1966,BUY
2024-01-03 11:52:17+00:00,25.42,190,Buy
2024-01-03 03:35:04+01:00,21.1,1375,Buy
2024-01-03 00:30:13+00:00,61.47,1869,SELL
2024-01-03 21:19:47+00:00,77.26,289,BUY
2024-01-03 01:17:55+01:00,71.24,801,buy
2024-01-03 18:31:15+00:00,98.65,464,sell
2024-01-03 10:03:18+00:00,84.44,1269,Buy
2024-01-03 07:37:37+00:00,76.42,457,buy
2024-01-03 06:24:33+00:00,82.11,1760,Sell
2024-01-03 07:02:30+01:00,29.03,935,sell
2024-01-03 14:54:09+01:00,94.94,267,buy
2024-01-03 03:50:08+00:00,22.01,1283,sell
2024-01-03 12:20:50+00:00,91.46,755,SELL
2024-01-03 21:40:34+00:00,82.61,394,SELL
2024-01-03 15:35:27+00:00,72.91,758,Buy
2024-01-03 08:49:08+00:00,72.91,36128,Sell
2024-01-03 04:43:35+00:00,91.27,838,sell
2024-01-03 17:10:58+00:00,38.24,765,sell
2024-01-03 20:30:24+00:00,49.34,1153,buy
2024-01-03 08:53:43+00:00,28.09,1373,buy
2024-01-03 06:55:49+00:00,22.74,746,BUY
2024-01-03 11:29:43+01:00,74.48,695,BUY
2024-01-03 11:05:44+01:00,99.57,1280,SELL
2024-01-03 04:19:07+00:00,77,1690,sell
2024-01-03 07:56:52+00:00,33.42,1501,Sell
2024-01-03 00:55:33+00:00,64.26,199,buy
2024-01-03 18:22:08+00:00,86.71,1615,sell
2024-01-03 14:07:50+00:00,60.18,299,buy
2024-01-03 13:13:43+00:00,,1897,buy
2024-01-03 04:04:54+00:00,53.15,1683,sell
2024-01-03 01:59:24+00:00,79.16,908,BUY
2024-01-03 23:35:32+00:00,79.16,1027,buy
2024-01-03 03:14:30+00:00,93.42,1339,SELL
2024-01-03 02:34:42+01:00,76.69,1047,sell
2024-01-03 14:54:03+00:00,26.46,838,Sell
2024-01-03 20:36:28+00:00,71.02,,BUY
2024-01-03 08:56:33+00:00,97.1,1060,buy
2024-01-03 18:22:07+01:00,74.37,1548,buy
2024-01-03 09:07:51+01:00,79.18,835,buy
2024-01-03 17:03:34+00:00,44.81,198,BUY
2024-01-03 21:23:14+00:00,64.24,1969,Sell
2024-01-03 22:57:35+00:00,60.74,1071,Buy
2024-01-03 13:40:25+00:00,39.37,662,Sell
2024-01-03 12:29:44+01:00,98.57,41478,SELL
2024-01-03 20:39:44+00:00,22.16,1442,BUY
2024-01-03 05:45:03+00:00,47.34,1329,SELL
2024-01-03 02:04:05+00:00,62.25,1558,buy
2024-01-03 11:06:36+00:00,89.12,1687,Buy
2024-01-03 10:34:28+00:00,82.34,723,Sell
2024-01-03 12:09:27+00:00,43.22,634,SELL
2024-01-03 22:38:20+00:00,67.65,830,Sell
2024-01-03 15:20:14+00:00,65.62,1387,sell
2024-01-03 03:16:59+01:00,39.68,891,buy
2024-01-03 18:29:36+01:00,,894,buy
2024-01-03 01:47:46+00:00,83.38,1366,Buy
2024-01-03 17:26:57+00:00,55.76,1629,Sell
2024-01-03 22:47:00+00:00,54.51,1010,Buy
2024-01-03 15:25:08+00:00,22.58,1054,sell
2024-01-03 09:34:32+00:00,1306.83,262,sell
2024-01-03 04:52:04+00:00,82.21,279,buy
2024-01-03 17:04:49+00:00,52.93,1960,sell
2024-01-03 04:31:58+00:00,31.43,1827,Sell
2024-01-03 04:03:42+00:00,64.92,1688,SELL
2024-01-03 15:15:21+00:00,46.94,206,SELL
2024-01-03 01:10:23+00:00,22.45,342,BUY
2024-01-03 21:03:44+00:00,30.07,1627,Buy
2024-01-03 23:35:44+01:00,29.79,182,buy
2024-01-03 07:40:09+00:00,73.24,246,Buy
2024-01-03 08:06:54+00:00,72.56,1093,sell
2024-01-03 05:10:01+01:00,74.36,1297,BUY
2024-01-03 20:43:40+00:00,61.28,1705,BUY
2024-01-03 04:59:29+00:00,41.61,67,Sell
2024-01-03 01:43:54+00:00,29.03,1000,SELL
2024-01-03 14:05:39+01:00,60.75,1709,Sell
2024-01-03 08:34:13+00:00,54.88,1396,sell
2024-01-03 19:24:38+00:00,50.85,1297,Buy
2024-01-03 12:33:53+00:00,66.55,1494,buy
2024-01-03 04:52:10+00:00,91.36,49970,buy
2024-01-03 11:39:46+00:00,99.49,1617,SELL
2024-01-03 13:06:54+01:00,69.31,562,Buy
2024-01-03 10:05:55+00:00,20.95,1030,Buy
2024-01-03 11:12:00+00:00,44.55,280,Sell
2024-01-03 03:52:21+00:00,37.08,1791,SELL
2024-01-03 02:02:40+01:00,57.67,1301,sell
2024-01-03 02:07:23+00:00,54.2,1273,SELL
2024-01-03 09:46:25+00:00,58.69,224,buy
2024-01-03 03:52:43+00:00,68.15,81,buy
2024-01-03 11:17:49+00:00,21.83,615,Buy
2024-01-03 14:46:11+00:00,45.72,660,buy
2024-01-03 06:16:09+00:00,47.13,32218,BUY
2024-01-03 23:59:52+01:00,89.96,1133,Sell
2024-01-03 13:42:16+01:00,57.16,782,buy
2024-01-03 05:25:57+00:00,69.96,1791,BUY
2024-01-03 01:44:00+00:00,80.06,483,SELL
2024-01-03 22:52:31+01:00,70.44,409,buy
2024-01-03 16:17:05+00:00,27.07,1042,Sell
2024-01-03 20:57:25+00:00,68.36,904,buy
2024-01-03 04:28:04+01:00,20.16,213,BUY
2024-01-03 14:20:00+01:00,48.81,1687,Sell
2024-01-03 19:06:41+00:00,90.86,851,Sell
2024-01-03 18:39:07+01:00,52.51,251,buy
2024-01-03 15:52:08+00:00,68.36,402,SELL
2024-01-03 06:08:16+00:00,45.0,378,SELL
2024-01-03 01:57:23+00:00,76.91,772,Sell
2024-01-03 09:17:54+00:00,80.26,1447,buy
2024-01-03 23:43:08+00:00,74.59,1067,Sell
2024-01-03 10:28:05+00:00,39.95,145,BUY
2024-01-03 16:37:13+00:00,86.29,1113,BUY
2024-01-03 19:27:47+00:00,66.98,819,Buy
2024-01-03 17:15:22+00:00,81.3,1180,Buy
2024-01-03 12:10:31+01:00,58.29,1880,SELL
2024-01-03 00:24:09+00:00,22.52,69,Buy
2024-01-03 01:31:18+00:00,76.63,1477,SELL
2024-01-03 21:41:14+00:00,54.87,569,Sell
2024-01-03 04:13:47+01:00,30.32,1202,Sell
2024-01-03 16:16:53+00:00,94.56,1874,Buy
2024-01-03 12:42:55+00:00,42.06,836,sell
2024-01-03 18:26:20+00:00,60.95,1055,SELL
2024-01-03 05:52:18+00:00,71,1595,SELL
2024-01-03 20:42:05+00:00,43.49,246,Sell
2024-01-03 02:28:14+00:00,44.32,150,buy
2024-01-03 04:22:51+01:00,41.98,1122,Buy
2024-01-03 17:28:58+00:00,71.8,516,sell
2024-01-03 19:37:27+01:00,46.84,1303,Buy
2024-01-03 14:17:07+01:00,4214.93,1529,SELL
2024-01-03 17:43:23+00:00,81.65,1239,buy
2024-01-03 01:28:37+00:00,53.27,321,sell
2024-01-03 18:29:20+00:00,64.07,512,Buy
2024-01-03 19:55:51+00:00,51.91,1460,sell
2024-01-03 13:43:18+00:00,85.85,1049,sell
2024-01-03 22:11:07+01:00,64.81,1865,SELL
2024-01-03 19:33:29+00:00,63.08,692,BUY
2024-01-03 03:12:21+00:00,62.98,1697,Buy
2024-01-03 15:28:35+00:00,43.89,1791,SELL
2024-01-03 23:53:37+00:00,91.52,504,BUY
2024-01-03 21:57:18+00:00,59.89,155,sell
2024-01-03 22:50:57+00:00,61.71,1712,SELL
2024-01-03 21:18:52+00:00,97.93,1565,SELL
2024-01-03 01:37:57+00:00,57.46,639,Sell
2024-01-03 12:11:23+00:00,,781,sell
2024-01-03 09:32:29+00:00,86.69,570,Buy
2024-01-03 12:55:34+00:00,36.9,775,BUY
2024-01-03 17:42:41+00:00,88.59,1189,buy
2024-01-03 16:28:12+00:00,67.19,823,SELL
2024-01-03 22:56:58+00:00,76.46,200,SELL
2024-01-03 16:21:53+00:00,48.07,503,SELL
2024-01-03 04:16:49+00:00,93.54,535,SELL
2024-01-03 19:27:27+00:00,45.62,1941,SELL
2024-01-03 17:03:26+00:00,21.38,1548,Buy
2024-01-03 05:39:45+00:00,75.18,121,SELL
2024-01-03 08:16:01+00:00,68.37,443,BUY
2024-01-03 03:15:37+01:00,63.63,746,BUY
2024-01-03 22:37:26+00:00,47.42,1573,sell
2024-01-03 04:23:12+00:00,54.39,941,BUY
2024-01-03 18:20:44+00:00,58.1,244,Sell
2024-01-03 18:49:31+00:00,71.47,984,Sell
2024-01-03 03:39:23+00:00,57.76,1836,BUY
2024-01-03 12:00:58+00:00,81.5,1519,Buy
2024-01-03 18:51:25+00:00,33.32,1002,Sell
2024-01-03 01:28:39+00:00,28.97,518,buy
2024-01-03 16:20:11+00:00,59.16,656,Sell
2024-01-03 20:44:51+00:00,66.65,682,Buy
2024-01-03 18:03:02+00:00,72.1,537,Buy
2024-01-03 02:16:26+01:00,61.5,1599,BUY
2024-01-03 14:39:11+00:00,42.73,2000,Buy
2024-01-03 17:57:07+00:00,70.28,1384,Buy
2024-01-03 08:05:59+00:00,50.7,41203,Buy
2024-01-03 08:53:11+00:00,54.19,1319,BUY
2024-01-03 12:09:19+00:00,50.13,1416,Buy
2024-01-03 02:32:20+00:00,21.67,1903,buy
2024-01-03 12:50:02+01:00,78.3,66,SELL
2024-01-03 03:34:05+00:00,46.8,1306,Sell
2024-01-03 02:39:01+01:00,96.74,1395,Sell
2024-01-03 19:15:24+00:00,44.47,866,Sell
2024-01-03 08:00:23+00:00,49.08,1110,SELL
2024-01-03 07:15:27+00:00,92.01,,buy
2024-01-03 22:32:14+00:00,82.92,1153,buy
2024-01-03 08:50:48+00:00,64.76,1900,SELL
